Founders Demo Co,,,,,,,,
General Ledger,,,,,,,,
January 1, 2024 - December 31, 2026,,,,,,,,
,,,,,,,,
,Date,Transaction Type,Num,Name,Memo/Description,Split,Amount,Balance
1000 Checking,,,,,,,,
,01/01/2024,Check,1008,Landlord,Office rent,6100 Rent Expense,-2600.00,-2600.00
,01/02/2024,Deposit,1001,Owner,Opening capital,3000 Owners Equity,60000.00,57400.00
,01/15/2024,Check,1007,Staff,Payroll run,6000 Payroll Expense,-8000.00,49400.00
,01/18/2024,Check,1012,Bank,Loan interest,8000 Interest Expense,-210.00,49190.00
,01/20/2024,Payment,1004,Customer,Customer payments,1200 Accounts Receivable,17220.00,66410.00
,01/24/2024,Bill Payment,1006,Supplier,Pay vendor,2000 Accounts Payable,-5040.00,61370.00
,01/28/2024,Credit Card Payment,1010,Card,Pay card,2100 Credit Card,-1170.00,60200.00
,01/30/2024,Deposit,1011,Bank,Interest earned,7000 Interest Income,45.00,60245.00
,02/01/2024,Check,1019,Landlord,Office rent,6100 Rent Expense,-2600.00,57645.00
,02/15/2024,Check,1018,Staff,Payroll run,6000 Payroll Expense,-8000.00,49645.00
,02/18/2024,Check,1023,Bank,Loan interest,8000 Interest Expense,-210.00,49435.00
,02/20/2024,Payment,1015,Customer,Customer payments,1200 Accounts Receivable,17651.00,67086.00
,02/24/2024,Bill Payment,1017,Supplier,Pay vendor,2000 Accounts Payable,-5166.00,61920.00
,02/28/2024,Credit Card Payment,1021,Card,Pay card,2100 Credit Card,-1205.00,60715.00
,02/30/2024,Deposit,1022,Bank,Interest earned,7000 Interest Income,45.00,60760.00
,03/01/2024,Check,1030,Landlord,Office rent,6100 Rent Expense,-2600.00,58160.00
,03/10/2024,Check,1398,Vendor,Equipment purchase,1500 Equipment,-9000.00,49160.00
,03/15/2024,Check,1029,Staff,Payroll run,6000 Payroll Expense,-8000.00,41160.00
,03/18/2024,Check,1034,Bank,Loan interest,8000 Interest Expense,-210.00,40950.00
,03/20/2024,Payment,1026,Customer,Customer payments,1200 Accounts Receivable,18092.00,59042.00
,03/24/2024,Bill Payment,1028,Supplier,Pay vendor,2000 Accounts Payable,-5295.00,53747.00
,03/28/2024,Credit Card Payment,1032,Card,Pay card,2100 Credit Card,-1241.00,52506.00
,03/30/2024,Deposit,1033,Bank,Interest earned,7000 Interest Income,45.00,52551.00
,04/01/2024,Check,1041,Landlord,Office rent,6100 Rent Expense,-2600.00,49951.00
,04/15/2024,Check,1040,Staff,Payroll run,6000 Payroll Expense,-8000.00,41951.00
,04/18/2024,Check,1045,Bank,Loan interest,8000 Interest Expense,-210.00,41741.00
,04/20/2024,Payment,1037,Customer,Customer payments,1200 Accounts Receivable,18543.00,60284.00
,04/24/2024,Bill Payment,1039,Supplier,Pay vendor,2000 Accounts Payable,-5427.00,54857.00
,04/28/2024,Credit Card Payment,1043,Card,Pay card,2100 Credit Card,-1279.00,53578.00
,04/30/2024,Deposit,1044,Bank,Interest earned,7000 Interest Income,45.00,53623.00
,05/01/2024,Check,1052,Landlord,Office rent,6100 Rent Expense,-2600.00,51023.00
,05/15/2024,Check,1051,Staff,Payroll run,6000 Payroll Expense,-8000.00,43023.00
,05/18/2024,Check,1056,Bank,Loan interest,8000 Interest Expense,-210.00,42813.00
,05/20/2024,Payment,1048,Customer,Customer payments,1200 Accounts Receivable,19008.00,61821.00
,05/24/2024,Bill Payment,1050,Supplier,Pay vendor,2000 Accounts Payable,-5563.00,56258.00
,05/28/2024,Credit Card Payment,1054,Card,Pay card,2100 Credit Card,-1317.00,54941.00
,05/30/2024,Deposit,1055,Bank,Interest earned,7000 Interest Income,45.00,54986.00
,06/01/2024,Check,1063,Landlord,Office rent,6100 Rent Expense,-2600.00,52386.00
,06/15/2024,Check,1062,Staff,Payroll run,6000 Payroll Expense,-8000.00,44386.00
,06/18/2024,Check,1067,Bank,Loan interest,8000 Interest Expense,-210.00,44176.00
,06/20/2024,Payment,1059,Customer,Customer payments,1200 Accounts Receivable,19482.00,63658.00
,06/24/2024,Bill Payment,1061,Supplier,Pay vendor,2000 Accounts Payable,-5702.00,57956.00
,06/28/2024,Credit Card Payment,1065,Card,Pay card,2100 Credit Card,-1356.00,56600.00
,06/30/2024,Deposit,1066,Bank,Interest earned,7000 Interest Income,45.00,56645.00
,07/01/2024,Check,1074,Landlord,Office rent,6100 Rent Expense,-2600.00,54045.00
,07/15/2024,Check,1073,Staff,Payroll run,6000 Payroll Expense,-8000.00,46045.00
,07/18/2024,Check,1078,Bank,Loan interest,8000 Interest Expense,-210.00,45835.00
,07/20/2024,Payment,1070,Customer,Customer payments,1200 Accounts Receivable,19969.00,65804.00
,07/24/2024,Bill Payment,1072,Supplier,Pay vendor,2000 Accounts Payable,-5845.00,59959.00
,07/28/2024,Credit Card Payment,1076,Card,Pay card,2100 Credit Card,-1397.00,58562.00
,07/30/2024,Deposit,1077,Bank,Interest earned,7000 Interest Income,45.00,58607.00
,08/01/2024,Check,1085,Landlord,Office rent,6100 Rent Expense,-2600.00,56007.00
,08/15/2024,Check,1084,Staff,Payroll run,6000 Payroll Expense,-8000.00,48007.00
,08/18/2024,Check,1089,Bank,Loan interest,8000 Interest Expense,-210.00,47797.00
,08/20/2024,Payment,1081,Customer,Customer payments,1200 Accounts Receivable,20469.00,68266.00
,08/24/2024,Bill Payment,1083,Supplier,Pay vendor,2000 Accounts Payable,-5991.00,62275.00
,08/28/2024,Credit Card Payment,1087,Card,Pay card,2100 Credit Card,-1439.00,60836.00
,08/30/2024,Deposit,1088,Bank,Interest earned,7000 Interest Income,45.00,60881.00
,09/01/2024,Check,1096,Landlord,Office rent,6100 Rent Expense,-2600.00,58281.00
,09/15/2024,Check,1095,Staff,Payroll run,6000 Payroll Expense,-8000.00,50281.00
,09/18/2024,Check,1100,Bank,Loan interest,8000 Interest Expense,-210.00,50071.00
,09/20/2024,Payment,1092,Customer,Customer payments,1200 Accounts Receivable,20981.00,71052.00
,09/24/2024,Bill Payment,1094,Supplier,Pay vendor,2000 Accounts Payable,-6141.00,64911.00
,09/28/2024,Credit Card Payment,1098,Card,Pay card,2100 Credit Card,-1482.00,63429.00
,09/30/2024,Deposit,1099,Bank,Interest earned,7000 Interest Income,45.00,63474.00
,10/01/2024,Check,1107,Landlord,Office rent,6100 Rent Expense,-2600.00,60874.00
,10/15/2024,Check,1106,Staff,Payroll run,6000 Payroll Expense,-8000.00,52874.00
,10/18/2024,Check,1111,Bank,Loan interest,8000 Interest Expense,-210.00,52664.00
,10/20/2024,Payment,1103,Customer,Customer payments,1200 Accounts Receivable,21505.00,74169.00
,10/24/2024,Bill Payment,1105,Supplier,Pay vendor,2000 Accounts Payable,-6294.00,67875.00
,10/28/2024,Credit Card Payment,1109,Card,Pay card,2100 Credit Card,-1526.00,66349.00
,10/30/2024,Deposit,1110,Bank,Interest earned,7000 Interest Income,45.00,66394.00
,11/01/2024,Check,1118,Landlord,Office rent,6100 Rent Expense,-2600.00,63794.00
,11/15/2024,Check,1117,Staff,Payroll run,6000 Payroll Expense,-8000.00,55794.00
,11/18/2024,Check,1122,Bank,Loan interest,8000 Interest Expense,-210.00,55584.00
,11/20/2024,Payment,1114,Customer,Customer payments,1200 Accounts Receivable,22043.00,77627.00
,11/24/2024,Bill Payment,1116,Supplier,Pay vendor,2000 Accounts Payable,-6451.00,71176.00
,11/28/2024,Credit Card Payment,1120,Card,Pay card,2100 Credit Card,-1572.00,69604.00
,11/30/2024,Deposit,1121,Bank,Interest earned,7000 Interest Income,45.00,69649.00
,12/01/2024,Check,1129,Landlord,Office rent,6100 Rent Expense,-2600.00,67049.00
,12/15/2024,Check,1128,Staff,Payroll run,6000 Payroll Expense,-8000.00,59049.00
,12/18/2024,Check,1133,Bank,Loan interest,8000 Interest Expense,-210.00,58839.00
,12/20/2024,Payment,1125,Customer,Customer payments,1200 Accounts Receivable,22594.00,81433.00
,12/24/2024,Bill Payment,1127,Supplier,Pay vendor,2000 Accounts Payable,-6613.00,74820.00
,12/28/2024,Credit Card Payment,1131,Card,Pay card,2100 Credit Card,-1620.00,73200.00
,12/30/2024,Deposit,1132,Bank,Interest earned,7000 Interest Income,45.00,73245.00
,01/01/2025,Check,1140,Landlord,Office rent,6100 Rent Expense,-2800.00,70445.00
,01/15/2025,Check,1139,Staff,Payroll run,6000 Payroll Expense,-9500.00,60945.00
,01/18/2025,Check,1144,Bank,Loan interest,8000 Interest Expense,-210.00,60735.00
,01/20/2025,Payment,1136,Customer,Customer payments,1200 Accounts Receivable,23158.00,83893.00
,01/24/2025,Bill Payment,1138,Supplier,Pay vendor,2000 Accounts Payable,-6778.00,77115.00
,01/28/2025,Credit Card Payment,1142,Card,Pay card,2100 Credit Card,-1668.00,75447.00
,01/30/2025,Deposit,1143,Bank,Interest earned,7000 Interest Income,45.00,75492.00
,02/01/2025,Check,1151,Landlord,Office rent,6100 Rent Expense,-2800.00,72692.00
,02/15/2025,Check,1150,Staff,Payroll run,6000 Payroll Expense,-9500.00,63192.00
,02/18/2025,Check,1155,Bank,Loan interest,8000 Interest Expense,-210.00,62982.00
,02/20/2025,Payment,1147,Customer,Customer payments,1200 Accounts Receivable,23738.00,86720.00
,02/24/2025,Bill Payment,1149,Supplier,Pay vendor,2000 Accounts Payable,-6948.00,79772.00
,02/28/2025,Credit Card Payment,1153,Card,Pay card,2100 Credit Card,-1718.00,78054.00
,02/30/2025,Deposit,1154,Bank,Interest earned,7000 Interest Income,45.00,78099.00
,03/01/2025,Check,1162,Landlord,Office rent,6100 Rent Expense,-2800.00,75299.00
,03/15/2025,Check,1161,Staff,Payroll run,6000 Payroll Expense,-9500.00,65799.00
,03/18/2025,Check,1166,Bank,Loan interest,8000 Interest Expense,-210.00,65589.00
,03/20/2025,Payment,1158,Customer,Customer payments,1200 Accounts Receivable,24332.00,89921.00
,03/24/2025,Bill Payment,1160,Supplier,Pay vendor,2000 Accounts Payable,-7122.00,82799.00
,03/28/2025,Credit Card Payment,1164,Card,Pay card,2100 Credit Card,-1769.00,81030.00
,03/30/2025,Deposit,1165,Bank,Interest earned,7000 Interest Income,45.00,81075.00
,04/01/2025,Check,1173,Landlord,Office rent,6100 Rent Expense,-2800.00,78275.00
,04/15/2025,Check,1172,Staff,Payroll run,6000 Payroll Expense,-9500.00,68775.00
,04/18/2025,Check,1177,Bank,Loan interest,8000 Interest Expense,-210.00,68565.00
,04/20/2025,Payment,1169,Customer,Customer payments,1200 Accounts Receivable,24939.00,93504.00
,04/24/2025,Bill Payment,1171,Supplier,Pay vendor,2000 Accounts Payable,-7299.00,86205.00
,04/28/2025,Credit Card Payment,1175,Card,Pay card,2100 Credit Card,-1823.00,84382.00
,04/30/2025,Deposit,1176,Bank,Interest earned,7000 Interest Income,45.00,84427.00
,05/01/2025,Check,1184,Landlord,Office rent,6100 Rent Expense,-2800.00,81627.00
,05/15/2025,Check,1183,Staff,Payroll run,6000 Payroll Expense,-9500.00,72127.00
,05/18/2025,Check,1188,Bank,Loan interest,8000 Interest Expense,-210.00,71917.00
,05/20/2025,Payment,1180,Customer,Customer payments,1200 Accounts Receivable,25564.00,97481.00
,05/24/2025,Bill Payment,1182,Supplier,Pay vendor,2000 Accounts Payable,-7482.00,89999.00
,05/28/2025,Credit Card Payment,1186,Card,Pay card,2100 Credit Card,-1877.00,88122.00
,05/30/2025,Deposit,1187,Bank,Interest earned,7000 Interest Income,45.00,88167.00
,06/01/2025,Check,1195,Landlord,Office rent,6100 Rent Expense,-2800.00,85367.00
,06/10/2025,Check,1399,Vendor,Equipment purchase,1500 Equipment,-12000.00,73367.00
,06/15/2025,Check,1194,Staff,Payroll run,6000 Payroll Expense,-9500.00,63867.00
,06/18/2025,Check,1199,Bank,Loan interest,8000 Interest Expense,-210.00,63657.00
,06/20/2025,Payment,1191,Customer,Customer payments,1200 Accounts Receivable,26202.00,89859.00
,06/24/2025,Bill Payment,1193,Supplier,Pay vendor,2000 Accounts Payable,-7669.00,82190.00
,06/28/2025,Credit Card Payment,1197,Card,Pay card,2100 Credit Card,-1934.00,80256.00
,06/30/2025,Deposit,1198,Bank,Interest earned,7000 Interest Income,45.00,80301.00
,07/01/2025,Check,1206,Landlord,Office rent,6100 Rent Expense,-2800.00,77501.00
,07/15/2025,Check,1205,Staff,Payroll run,6000 Payroll Expense,-9500.00,68001.00
,07/18/2025,Check,1210,Bank,Loan interest,8000 Interest Expense,-210.00,67791.00
,07/20/2025,Payment,1202,Customer,Customer payments,1200 Accounts Receivable,26857.00,94648.00
,07/24/2025,Bill Payment,1204,Supplier,Pay vendor,2000 Accounts Payable,-7861.00,86787.00
,07/28/2025,Credit Card Payment,1208,Card,Pay card,2100 Credit Card,-1992.00,84795.00
,07/30/2025,Deposit,1209,Bank,Interest earned,7000 Interest Income,45.00,84840.00
,08/01/2025,Check,1217,Landlord,Office rent,6100 Rent Expense,-2800.00,82040.00
,08/15/2025,Check,1216,Staff,Payroll run,6000 Payroll Expense,-9500.00,72540.00
,08/18/2025,Check,1221,Bank,Loan interest,8000 Interest Expense,-210.00,72330.00
,08/20/2025,Payment,1213,Customer,Customer payments,1200 Accounts Receivable,27529.00,99859.00
,08/24/2025,Bill Payment,1215,Supplier,Pay vendor,2000 Accounts Payable,-8058.00,91801.00
,08/28/2025,Credit Card Payment,1219,Card,Pay card,2100 Credit Card,-2052.00,89749.00
,08/30/2025,Deposit,1220,Bank,Interest earned,7000 Interest Income,45.00,89794.00
,09/01/2025,Check,1228,Landlord,Office rent,6100 Rent Expense,-2800.00,86994.00
,09/15/2025,Check,1227,Staff,Payroll run,6000 Payroll Expense,-9500.00,77494.00
,09/18/2025,Check,1232,Bank,Loan interest,8000 Interest Expense,-210.00,77284.00
,09/20/2025,Payment,1224,Customer,Customer payments,1200 Accounts Receivable,28217.00,105501.00
,09/24/2025,Bill Payment,1226,Supplier,Pay vendor,2000 Accounts Payable,-8258.00,97243.00
,09/28/2025,Credit Card Payment,1230,Card,Pay card,2100 Credit Card,-2113.00,95130.00
,09/30/2025,Deposit,1231,Bank,Interest earned,7000 Interest Income,45.00,95175.00
,10/01/2025,Check,1239,Landlord,Office rent,6100 Rent Expense,-2800.00,92375.00
,10/15/2025,Check,1238,Staff,Payroll run,6000 Payroll Expense,-9500.00,82875.00
,10/18/2025,Check,1243,Bank,Loan interest,8000 Interest Expense,-210.00,82665.00
,10/20/2025,Payment,1235,Customer,Customer payments,1200 Accounts Receivable,28922.00,111587.00
,10/24/2025,Bill Payment,1237,Supplier,Pay vendor,2000 Accounts Payable,-8465.00,103122.00
,10/28/2025,Credit Card Payment,1241,Card,Pay card,2100 Credit Card,-2176.00,100946.00
,10/30/2025,Deposit,1242,Bank,Interest earned,7000 Interest Income,45.00,100991.00
,11/01/2025,Check,1250,Landlord,Office rent,6100 Rent Expense,-2800.00,98191.00
,11/15/2025,Check,1249,Staff,Payroll run,6000 Payroll Expense,-9500.00,88691.00
,11/18/2025,Check,1254,Bank,Loan interest,8000 Interest Expense,-210.00,88481.00
,11/20/2025,Payment,1246,Customer,Customer payments,1200 Accounts Receivable,29645.00,118126.00
,11/24/2025,Bill Payment,1248,Supplier,Pay vendor,2000 Accounts Payable,-8677.00,109449.00
,11/28/2025,Credit Card Payment,1252,Card,Pay card,2100 Credit Card,-2242.00,107207.00
,11/30/2025,Deposit,1253,Bank,Interest earned,7000 Interest Income,45.00,107252.00
,12/01/2025,Check,1261,Landlord,Office rent,6100 Rent Expense,-2800.00,104452.00
,12/15/2025,Check,1260,Staff,Payroll run,6000 Payroll Expense,-9500.00,94952.00
,12/18/2025,Check,1265,Bank,Loan interest,8000 Interest Expense,-210.00,94742.00
,12/20/2025,Payment,1257,Customer,Customer payments,1200 Accounts Receivable,30387.00,125129.00
,12/24/2025,Bill Payment,1259,Supplier,Pay vendor,2000 Accounts Payable,-8894.00,116235.00
,12/28/2025,Credit Card Payment,1263,Card,Pay card,2100 Credit Card,-2309.00,113926.00
,12/30/2025,Deposit,1264,Bank,Interest earned,7000 Interest Income,45.00,113971.00
,01/01/2026,Check,1272,Landlord,Office rent,6100 Rent Expense,-3000.00,110971.00
,01/15/2026,Check,1271,Staff,Payroll run,6000 Payroll Expense,-11000.00,99971.00
,01/18/2026,Check,1276,Bank,Loan interest,8000 Interest Expense,-210.00,99761.00
,01/20/2026,Payment,1268,Customer,Customer payments,1200 Accounts Receivable,31146.00,130907.00
,01/24/2026,Bill Payment,1270,Supplier,Pay vendor,2000 Accounts Payable,-9116.00,121791.00
,01/28/2026,Credit Card Payment,1274,Card,Pay card,2100 Credit Card,-2379.00,119412.00
,01/30/2026,Deposit,1275,Bank,Interest earned,7000 Interest Income,45.00,119457.00
,02/01/2026,Check,1283,Landlord,Office rent,6100 Rent Expense,-3000.00,116457.00
,02/15/2026,Check,1282,Staff,Payroll run,6000 Payroll Expense,-11000.00,105457.00
,02/18/2026,Check,1287,Bank,Loan interest,8000 Interest Expense,-210.00,105247.00
,02/20/2026,Payment,1279,Customer,Customer payments,1200 Accounts Receivable,31925.00,137172.00
,02/24/2026,Bill Payment,1281,Supplier,Pay vendor,2000 Accounts Payable,-9344.00,127828.00
,02/28/2026,Credit Card Payment,1285,Card,Pay card,2100 Credit Card,-2450.00,125378.00
,02/30/2026,Deposit,1286,Bank,Interest earned,7000 Interest Income,45.00,125423.00
,03/01/2026,Check,1294,Landlord,Office rent,6100 Rent Expense,-3000.00,122423.00
,03/15/2026,Check,1293,Staff,Payroll run,6000 Payroll Expense,-11000.00,111423.00
,03/18/2026,Check,1298,Bank,Loan interest,8000 Interest Expense,-210.00,111213.00
,03/20/2026,Payment,1290,Customer,Customer payments,1200 Accounts Receivable,32723.00,143936.00
,03/24/2026,Bill Payment,1292,Supplier,Pay vendor,2000 Accounts Payable,-9578.00,134358.00
,03/28/2026,Credit Card Payment,1296,Card,Pay card,2100 Credit Card,-2524.00,131834.00
,03/30/2026,Deposit,1297,Bank,Interest earned,7000 Interest Income,45.00,131879.00
,04/01/2026,Check,1305,Landlord,Office rent,6100 Rent Expense,-3000.00,128879.00
,04/15/2026,Check,1304,Staff,Payroll run,6000 Payroll Expense,-11000.00,117879.00
,04/18/2026,Check,1309,Bank,Loan interest,8000 Interest Expense,-210.00,117669.00
,04/20/2026,Payment,1301,Customer,Customer payments,1200 Accounts Receivable,33541.00,151210.00
,04/24/2026,Bill Payment,1303,Supplier,Pay vendor,2000 Accounts Payable,-9817.00,141393.00
,04/28/2026,Credit Card Payment,1307,Card,Pay card,2100 Credit Card,-2599.00,138794.00
,04/30/2026,Deposit,1308,Bank,Interest earned,7000 Interest Income,45.00,138839.00
,05/01/2026,Check,1316,Landlord,Office rent,6100 Rent Expense,-3000.00,135839.00
,05/15/2026,Check,1315,Staff,Payroll run,6000 Payroll Expense,-11000.00,124839.00
,05/18/2026,Check,1320,Bank,Loan interest,8000 Interest Expense,-210.00,124629.00
,05/20/2026,Payment,1312,Customer,Customer payments,1200 Accounts Receivable,34379.00,159008.00
,05/24/2026,Bill Payment,1314,Supplier,Pay vendor,2000 Accounts Payable,-10062.00,148946.00
,05/28/2026,Credit Card Payment,1318,Card,Pay card,2100 Credit Card,-2677.00,146269.00
,05/30/2026,Deposit,1319,Bank,Interest earned,7000 Interest Income,45.00,146314.00
,06/01/2026,Check,1327,Landlord,Office rent,6100 Rent Expense,-3000.00,143314.00
,06/15/2026,Check,1326,Staff,Payroll run,6000 Payroll Expense,-11000.00,132314.00
,06/18/2026,Check,1331,Bank,Loan interest,8000 Interest Expense,-210.00,132104.00
,06/20/2026,Payment,1323,Customer,Customer payments,1200 Accounts Receivable,35239.00,167343.00
,06/24/2026,Bill Payment,1325,Supplier,Pay vendor,2000 Accounts Payable,-10314.00,157029.00
,06/28/2026,Credit Card Payment,1329,Card,Pay card,2100 Credit Card,-2758.00,154271.00
,06/30/2026,Deposit,1330,Bank,Interest earned,7000 Interest Income,45.00,154316.00
,07/01/2026,Check,1338,Landlord,Office rent,6100 Rent Expense,-3000.00,151316.00
,07/15/2026,Check,1337,Staff,Payroll run,6000 Payroll Expense,-11000.00,140316.00
,07/18/2026,Check,1342,Bank,Loan interest,8000 Interest Expense,-210.00,140106.00
,07/20/2026,Payment,1334,Customer,Customer payments,1200 Accounts Receivable,36120.00,176226.00
,07/24/2026,Bill Payment,1336,Supplier,Pay vendor,2000 Accounts Payable,-10572.00,165654.00
,07/28/2026,Credit Card Payment,1340,Card,Pay card,2100 Credit Card,-2840.00,162814.00
,07/30/2026,Deposit,1341,Bank,Interest earned,7000 Interest Income,45.00,162859.00
,08/01/2026,Check,1349,Landlord,Office rent,6100 Rent Expense,-3000.00,159859.00
,08/15/2026,Check,1348,Staff,Payroll run,6000 Payroll Expense,-11000.00,148859.00
,08/18/2026,Check,1353,Bank,Loan interest,8000 Interest Expense,-210.00,148649.00
,08/20/2026,Payment,1345,Customer,Customer payments,1200 Accounts Receivable,37023.00,185672.00
,08/24/2026,Bill Payment,1347,Supplier,Pay vendor,2000 Accounts Payable,-10836.00,174836.00
,08/28/2026,Credit Card Payment,1351,Card,Pay card,2100 Credit Card,-2925.00,171911.00
,08/30/2026,Deposit,1352,Bank,Interest earned,7000 Interest Income,45.00,171956.00
,09/01/2026,Check,1360,Landlord,Office rent,6100 Rent Expense,-3000.00,168956.00
,09/10/2026,Check,1400,Vendor,Equipment purchase,1500 Equipment,-15000.00,153956.00
,09/15/2026,Check,1359,Staff,Payroll run,6000 Payroll Expense,-11000.00,142956.00
,09/18/2026,Check,1364,Bank,Loan interest,8000 Interest Expense,-210.00,142746.00
,09/20/2026,Payment,1356,Customer,Customer payments,1200 Accounts Receivable,37949.00,180695.00
,09/24/2026,Bill Payment,1358,Supplier,Pay vendor,2000 Accounts Payable,-11107.00,169588.00
,09/28/2026,Credit Card Payment,1362,Card,Pay card,2100 Credit Card,-3013.00,166575.00
,09/30/2026,Deposit,1363,Bank,Interest earned,7000 Interest Income,45.00,166620.00
,10/01/2026,Check,1371,Landlord,Office rent,6100 Rent Expense,-3000.00,163620.00
,10/15/2026,Check,1370,Staff,Payroll run,6000 Payroll Expense,-11000.00,152620.00
,10/18/2026,Check,1375,Bank,Loan interest,8000 Interest Expense,-210.00,152410.00
,10/20/2026,Payment,1367,Customer,Customer payments,1200 Accounts Receivable,38898.00,191308.00
,10/24/2026,Bill Payment,1369,Supplier,Pay vendor,2000 Accounts Payable,-11385.00,179923.00
,10/28/2026,Credit Card Payment,1373,Card,Pay card,2100 Credit Card,-3103.00,176820.00
,10/30/2026,Deposit,1374,Bank,Interest earned,7000 Interest Income,45.00,176865.00
,11/01/2026,Check,1382,Landlord,Office rent,6100 Rent Expense,-3000.00,173865.00
,11/15/2026,Check,1381,Staff,Payroll run,6000 Payroll Expense,-11000.00,162865.00
,11/18/2026,Check,1386,Bank,Loan interest,8000 Interest Expense,-210.00,162655.00
,11/20/2026,Payment,1378,Customer,Customer payments,1200 Accounts Receivable,39870.00,202525.00
,11/24/2026,Bill Payment,1380,Supplier,Pay vendor,2000 Accounts Payable,-11670.00,190855.00
,11/28/2026,Credit Card Payment,1384,Card,Pay card,2100 Credit Card,-3196.00,187659.00
,11/30/2026,Deposit,1385,Bank,Interest earned,7000 Interest Income,45.00,187704.00
,12/01/2026,Check,1393,Landlord,Office rent,6100 Rent Expense,-3000.00,184704.00
,12/15/2026,Check,1392,Staff,Payroll run,6000 Payroll Expense,-11000.00,173704.00
,12/18/2026,Check,1397,Bank,Loan interest,8000 Interest Expense,-210.00,173494.00
,12/20/2026,Payment,1389,Customer,Customer payments,1200 Accounts Receivable,40866.00,214360.00
,12/24/2026,Bill Payment,1391,Supplier,Pay vendor,2000 Accounts Payable,-11961.00,202399.00
,12/28/2026,Credit Card Payment,1395,Card,Pay card,2100 Credit Card,-3292.00,199107.00
,12/30/2026,Deposit,1396,Bank,Interest earned,7000 Interest Income,45.00,199152.00
Total for 1000 Checking,,,,,,,199152.00,199152.00
1200 Accounts Receivable,,,,,,,,
,01/05/2024,Invoice,1002,Customer,Monthly product sales,4000 Product Revenue,15000.00,15000.00
,01/06/2024,Invoice,1003,Client,Consulting engagement,4100 Consulting Revenue,6000.00,21000.00
,01/20/2024,Payment,1004,Customer,Customer payments,1000 Checking,-17220.00,3780.00
,02/05/2024,Invoice,1013,Customer,Monthly product sales,4000 Product Revenue,15375.00,19155.00
,02/06/2024,Invoice,1014,Client,Consulting engagement,4100 Consulting Revenue,6150.00,25305.00
,02/20/2024,Payment,1015,Customer,Customer payments,1000 Checking,-17651.00,7654.00
,03/05/2024,Invoice,1024,Customer,Monthly product sales,4000 Product Revenue,15759.00,23413.00
,03/06/2024,Invoice,1025,Client,Consulting engagement,4100 Consulting Revenue,6304.00,29717.00
,03/20/2024,Payment,1026,Customer,Customer payments,1000 Checking,-18092.00,11625.00
,04/05/2024,Invoice,1035,Customer,Monthly product sales,4000 Product Revenue,16153.00,27778.00
,04/06/2024,Invoice,1036,Client,Consulting engagement,4100 Consulting Revenue,6461.00,34239.00
,04/20/2024,Payment,1037,Customer,Customer payments,1000 Checking,-18543.00,15696.00
,05/05/2024,Invoice,1046,Customer,Monthly product sales,4000 Product Revenue,16557.00,32253.00
,05/06/2024,Invoice,1047,Client,Consulting engagement,4100 Consulting Revenue,6623.00,38876.00
,05/20/2024,Payment,1048,Customer,Customer payments,1000 Checking,-19008.00,19868.00
,06/05/2024,Invoice,1057,Customer,Monthly product sales,4000 Product Revenue,16971.00,36839.00
,06/06/2024,Invoice,1058,Client,Consulting engagement,4100 Consulting Revenue,6788.00,43627.00
,06/20/2024,Payment,1059,Customer,Customer payments,1000 Checking,-19482.00,24145.00
,07/05/2024,Invoice,1068,Customer,Monthly product sales,4000 Product Revenue,17395.00,41540.00
,07/06/2024,Invoice,1069,Client,Consulting engagement,4100 Consulting Revenue,6958.00,48498.00
,07/20/2024,Payment,1070,Customer,Customer payments,1000 Checking,-19969.00,28529.00
,08/05/2024,Invoice,1079,Customer,Monthly product sales,4000 Product Revenue,17830.00,46359.00
,08/06/2024,Invoice,1080,Client,Consulting engagement,4100 Consulting Revenue,7132.00,53491.00
,08/20/2024,Payment,1081,Customer,Customer payments,1000 Checking,-20469.00,33022.00
,09/05/2024,Invoice,1090,Customer,Monthly product sales,4000 Product Revenue,18276.00,51298.00
,09/06/2024,Invoice,1091,Client,Consulting engagement,4100 Consulting Revenue,7310.00,58608.00
,09/20/2024,Payment,1092,Customer,Customer payments,1000 Checking,-20981.00,37627.00
,10/05/2024,Invoice,1101,Customer,Monthly product sales,4000 Product Revenue,18733.00,56360.00
,10/06/2024,Invoice,1102,Client,Consulting engagement,4100 Consulting Revenue,7493.00,63853.00
,10/20/2024,Payment,1103,Customer,Customer payments,1000 Checking,-21505.00,42348.00
,11/05/2024,Invoice,1112,Customer,Monthly product sales,4000 Product Revenue,19201.00,61549.00
,11/06/2024,Invoice,1113,Client,Consulting engagement,4100 Consulting Revenue,7681.00,69230.00
,11/20/2024,Payment,1114,Customer,Customer payments,1000 Checking,-22043.00,47187.00
,12/05/2024,Invoice,1123,Customer,Monthly product sales,4000 Product Revenue,19681.00,66868.00
,12/06/2024,Invoice,1124,Client,Consulting engagement,4100 Consulting Revenue,7873.00,74741.00
,12/20/2024,Payment,1125,Customer,Customer payments,1000 Checking,-22594.00,52147.00
,01/05/2025,Invoice,1134,Customer,Monthly product sales,4000 Product Revenue,20173.00,72320.00
,01/06/2025,Invoice,1135,Client,Consulting engagement,4100 Consulting Revenue,8069.00,80389.00
,01/20/2025,Payment,1136,Customer,Customer payments,1000 Checking,-23158.00,57231.00
,02/05/2025,Invoice,1145,Customer,Monthly product sales,4000 Product Revenue,20678.00,77909.00
,02/06/2025,Invoice,1146,Client,Consulting engagement,4100 Consulting Revenue,8271.00,86180.00
,02/20/2025,Payment,1147,Customer,Customer payments,1000 Checking,-23738.00,62442.00
,03/05/2025,Invoice,1156,Customer,Monthly product sales,4000 Product Revenue,21195.00,83637.00
,03/06/2025,Invoice,1157,Client,Consulting engagement,4100 Consulting Revenue,8478.00,92115.00
,03/20/2025,Payment,1158,Customer,Customer payments,1000 Checking,-24332.00,67783.00
,04/05/2025,Invoice,1167,Customer,Monthly product sales,4000 Product Revenue,21724.00,89507.00
,04/06/2025,Invoice,1168,Client,Consulting engagement,4100 Consulting Revenue,8690.00,98197.00
,04/20/2025,Payment,1169,Customer,Customer payments,1000 Checking,-24939.00,73258.00
,05/05/2025,Invoice,1178,Customer,Monthly product sales,4000 Product Revenue,22268.00,95526.00
,05/06/2025,Invoice,1179,Client,Consulting engagement,4100 Consulting Revenue,8907.00,104433.00
,05/20/2025,Payment,1180,Customer,Customer payments,1000 Checking,-25564.00,78869.00
,06/05/2025,Invoice,1189,Customer,Monthly product sales,4000 Product Revenue,22824.00,101693.00
,06/06/2025,Invoice,1190,Client,Consulting engagement,4100 Consulting Revenue,9130.00,110823.00
,06/20/2025,Payment,1191,Customer,Customer payments,1000 Checking,-26202.00,84621.00
,07/05/2025,Invoice,1200,Customer,Monthly product sales,4000 Product Revenue,23395.00,108016.00
,07/06/2025,Invoice,1201,Client,Consulting engagement,4100 Consulting Revenue,9358.00,117374.00
,07/20/2025,Payment,1202,Customer,Customer payments,1000 Checking,-26857.00,90517.00
,08/05/2025,Invoice,1211,Customer,Monthly product sales,4000 Product Revenue,23980.00,114497.00
,08/06/2025,Invoice,1212,Client,Consulting engagement,4100 Consulting Revenue,9592.00,124089.00
,08/20/2025,Payment,1213,Customer,Customer payments,1000 Checking,-27529.00,96560.00
,09/05/2025,Invoice,1222,Customer,Monthly product sales,4000 Product Revenue,24579.00,121139.00
,09/06/2025,Invoice,1223,Client,Consulting engagement,4100 Consulting Revenue,9832.00,130971.00
,09/20/2025,Payment,1224,Customer,Customer payments,1000 Checking,-28217.00,102754.00
,10/05/2025,Invoice,1233,Customer,Monthly product sales,4000 Product Revenue,25194.00,127948.00
,10/06/2025,Invoice,1234,Client,Consulting engagement,4100 Consulting Revenue,10077.00,138025.00
,10/20/2025,Payment,1235,Customer,Customer payments,1000 Checking,-28922.00,109103.00
,11/05/2025,Invoice,1244,Customer,Monthly product sales,4000 Product Revenue,25824.00,134927.00
,11/06/2025,Invoice,1245,Client,Consulting engagement,4100 Consulting Revenue,10329.00,145256.00
,11/20/2025,Payment,1246,Customer,Customer payments,1000 Checking,-29645.00,115611.00
,12/05/2025,Invoice,1255,Customer,Monthly product sales,4000 Product Revenue,26469.00,142080.00
,12/06/2025,Invoice,1256,Client,Consulting engagement,4100 Consulting Revenue,10588.00,152668.00
,12/20/2025,Payment,1257,Customer,Customer payments,1000 Checking,-30387.00,122281.00
,01/05/2026,Invoice,1266,Customer,Monthly product sales,4000 Product Revenue,27131.00,149412.00
,01/06/2026,Invoice,1267,Client,Consulting engagement,4100 Consulting Revenue,10852.00,160264.00
,01/20/2026,Payment,1268,Customer,Customer payments,1000 Checking,-31146.00,129118.00
,02/05/2026,Invoice,1277,Customer,Monthly product sales,4000 Product Revenue,27809.00,156927.00
,02/06/2026,Invoice,1278,Client,Consulting engagement,4100 Consulting Revenue,11124.00,168051.00
,02/20/2026,Payment,1279,Customer,Customer payments,1000 Checking,-31925.00,136126.00
,03/05/2026,Invoice,1288,Customer,Monthly product sales,4000 Product Revenue,28504.00,164630.00
,03/06/2026,Invoice,1289,Client,Consulting engagement,4100 Consulting Revenue,11402.00,176032.00
,03/20/2026,Payment,1290,Customer,Customer payments,1000 Checking,-32723.00,143309.00
,04/05/2026,Invoice,1299,Customer,Monthly product sales,4000 Product Revenue,29217.00,172526.00
,04/06/2026,Invoice,1300,Client,Consulting engagement,4100 Consulting Revenue,11687.00,184213.00
,04/20/2026,Payment,1301,Customer,Customer payments,1000 Checking,-33541.00,150672.00
,05/05/2026,Invoice,1310,Customer,Monthly product sales,4000 Product Revenue,29947.00,180619.00
,05/06/2026,Invoice,1311,Client,Consulting engagement,4100 Consulting Revenue,11979.00,192598.00
,05/20/2026,Payment,1312,Customer,Customer payments,1000 Checking,-34379.00,158219.00
,06/05/2026,Invoice,1321,Customer,Monthly product sales,4000 Product Revenue,30696.00,188915.00
,06/06/2026,Invoice,1322,Client,Consulting engagement,4100 Consulting Revenue,12278.00,201193.00
,06/20/2026,Payment,1323,Customer,Customer payments,1000 Checking,-35239.00,165954.00
,07/05/2026,Invoice,1332,Customer,Monthly product sales,4000 Product Revenue,31464.00,197418.00
,07/06/2026,Invoice,1333,Client,Consulting engagement,4100 Consulting Revenue,12585.00,210003.00
,07/20/2026,Payment,1334,Customer,Customer payments,1000 Checking,-36120.00,173883.00
,08/05/2026,Invoice,1343,Customer,Monthly product sales,4000 Product Revenue,32250.00,206133.00
,08/06/2026,Invoice,1344,Client,Consulting engagement,4100 Consulting Revenue,12900.00,219033.00
,08/20/2026,Payment,1345,Customer,Customer payments,1000 Checking,-37023.00,182010.00
,09/05/2026,Invoice,1354,Customer,Monthly product sales,4000 Product Revenue,33056.00,215066.00
,09/06/2026,Invoice,1355,Client,Consulting engagement,4100 Consulting Revenue,13223.00,228289.00
,09/20/2026,Payment,1356,Customer,Customer payments,1000 Checking,-37949.00,190340.00
,10/05/2026,Invoice,1365,Customer,Monthly product sales,4000 Product Revenue,33883.00,224223.00
,10/06/2026,Invoice,1366,Client,Consulting engagement,4100 Consulting Revenue,13553.00,237776.00
,10/20/2026,Payment,1367,Customer,Customer payments,1000 Checking,-38898.00,198878.00
,11/05/2026,Invoice,1376,Customer,Monthly product sales,4000 Product Revenue,34730.00,233608.00
,11/06/2026,Invoice,1377,Client,Consulting engagement,4100 Consulting Revenue,13892.00,247500.00
,11/20/2026,Payment,1378,Customer,Customer payments,1000 Checking,-39870.00,207630.00
,12/05/2026,Invoice,1387,Customer,Monthly product sales,4000 Product Revenue,35598.00,243228.00
,12/06/2026,Invoice,1388,Client,Consulting engagement,4100 Consulting Revenue,14239.00,257467.00
,12/20/2026,Payment,1389,Customer,Customer payments,1000 Checking,-40866.00,216601.00
Total for 1200 Accounts Receivable,,,,,,,216601.00,216601.00
1500 Equipment,,,,,,,,
,03/10/2024,Check,1398,Vendor,Equipment purchase,1000 Checking,9000.00,9000.00
,06/10/2025,Check,1399,Vendor,Equipment purchase,1000 Checking,12000.00,21000.00
,09/10/2026,Check,1400,Vendor,Equipment purchase,1000 Checking,15000.00,36000.00
Total for 1500 Equipment,,,,,,,36000.00,36000.00
2000 Accounts Payable,,,,,,,,
,01/08/2024,Bill,1005,Supplier,Inventory / materials,5000 Cost of Goods Sold,-6300.00,-6300.00
,01/24/2024,Bill Payment,1006,Supplier,Pay vendor,1000 Checking,5040.00,-1260.00
,02/08/2024,Bill,1016,Supplier,Inventory / materials,5000 Cost of Goods Sold,-6458.00,-7718.00
,02/24/2024,Bill Payment,1017,Supplier,Pay vendor,1000 Checking,5166.00,-2552.00
,03/08/2024,Bill,1027,Supplier,Inventory / materials,5000 Cost of Goods Sold,-6619.00,-9171.00
,03/24/2024,Bill Payment,1028,Supplier,Pay vendor,1000 Checking,5295.00,-3876.00
,04/08/2024,Bill,1038,Supplier,Inventory / materials,5000 Cost of Goods Sold,-6784.00,-10660.00
,04/24/2024,Bill Payment,1039,Supplier,Pay vendor,1000 Checking,5427.00,-5233.00
,05/08/2024,Bill,1049,Supplier,Inventory / materials,5000 Cost of Goods Sold,-6954.00,-12187.00
,05/24/2024,Bill Payment,1050,Supplier,Pay vendor,1000 Checking,5563.00,-6624.00
,06/08/2024,Bill,1060,Supplier,Inventory / materials,5000 Cost of Goods Sold,-7128.00,-13752.00
,06/24/2024,Bill Payment,1061,Supplier,Pay vendor,1000 Checking,5702.00,-8050.00
,07/08/2024,Bill,1071,Supplier,Inventory / materials,5000 Cost of Goods Sold,-7306.00,-15356.00
,07/24/2024,Bill Payment,1072,Supplier,Pay vendor,1000 Checking,5845.00,-9511.00
,08/08/2024,Bill,1082,Supplier,Inventory / materials,5000 Cost of Goods Sold,-7489.00,-17000.00
,08/24/2024,Bill Payment,1083,Supplier,Pay vendor,1000 Checking,5991.00,-11009.00
,09/08/2024,Bill,1093,Supplier,Inventory / materials,5000 Cost of Goods Sold,-7676.00,-18685.00
,09/24/2024,Bill Payment,1094,Supplier,Pay vendor,1000 Checking,6141.00,-12544.00
,10/08/2024,Bill,1104,Supplier,Inventory / materials,5000 Cost of Goods Sold,-7868.00,-20412.00
,10/24/2024,Bill Payment,1105,Supplier,Pay vendor,1000 Checking,6294.00,-14118.00
,11/08/2024,Bill,1115,Supplier,Inventory / materials,5000 Cost of Goods Sold,-8064.00,-22182.00
,11/24/2024,Bill Payment,1116,Supplier,Pay vendor,1000 Checking,6451.00,-15731.00
,12/08/2024,Bill,1126,Supplier,Inventory / materials,5000 Cost of Goods Sold,-8266.00,-23997.00
,12/24/2024,Bill Payment,1127,Supplier,Pay vendor,1000 Checking,6613.00,-17384.00
,01/08/2025,Bill,1137,Supplier,Inventory / materials,5000 Cost of Goods Sold,-8473.00,-25857.00
,01/24/2025,Bill Payment,1138,Supplier,Pay vendor,1000 Checking,6778.00,-19079.00
,02/08/2025,Bill,1148,Supplier,Inventory / materials,5000 Cost of Goods Sold,-8685.00,-27764.00
,02/24/2025,Bill Payment,1149,Supplier,Pay vendor,1000 Checking,6948.00,-20816.00
,03/08/2025,Bill,1159,Supplier,Inventory / materials,5000 Cost of Goods Sold,-8902.00,-29718.00
,03/24/2025,Bill Payment,1160,Supplier,Pay vendor,1000 Checking,7122.00,-22596.00
,04/08/2025,Bill,1170,Supplier,Inventory / materials,5000 Cost of Goods Sold,-9124.00,-31720.00
,04/24/2025,Bill Payment,1171,Supplier,Pay vendor,1000 Checking,7299.00,-24421.00
,05/08/2025,Bill,1181,Supplier,Inventory / materials,5000 Cost of Goods Sold,-9353.00,-33774.00
,05/24/2025,Bill Payment,1182,Supplier,Pay vendor,1000 Checking,7482.00,-26292.00
,06/08/2025,Bill,1192,Supplier,Inventory / materials,5000 Cost of Goods Sold,-9586.00,-35878.00
,06/24/2025,Bill Payment,1193,Supplier,Pay vendor,1000 Checking,7669.00,-28209.00
,07/08/2025,Bill,1203,Supplier,Inventory / materials,5000 Cost of Goods Sold,-9826.00,-38035.00
,07/24/2025,Bill Payment,1204,Supplier,Pay vendor,1000 Checking,7861.00,-30174.00
,08/08/2025,Bill,1214,Supplier,Inventory / materials,5000 Cost of Goods Sold,-10072.00,-40246.00
,08/24/2025,Bill Payment,1215,Supplier,Pay vendor,1000 Checking,8058.00,-32188.00
,09/08/2025,Bill,1225,Supplier,Inventory / materials,5000 Cost of Goods Sold,-10323.00,-42511.00
,09/24/2025,Bill Payment,1226,Supplier,Pay vendor,1000 Checking,8258.00,-34253.00
,10/08/2025,Bill,1236,Supplier,Inventory / materials,5000 Cost of Goods Sold,-10581.00,-44834.00
,10/24/2025,Bill Payment,1237,Supplier,Pay vendor,1000 Checking,8465.00,-36369.00
,11/08/2025,Bill,1247,Supplier,Inventory / materials,5000 Cost of Goods Sold,-10846.00,-47215.00
,11/24/2025,Bill Payment,1248,Supplier,Pay vendor,1000 Checking,8677.00,-38538.00
,12/08/2025,Bill,1258,Supplier,Inventory / materials,5000 Cost of Goods Sold,-11117.00,-49655.00
,12/24/2025,Bill Payment,1259,Supplier,Pay vendor,1000 Checking,8894.00,-40761.00
,01/08/2026,Bill,1269,Supplier,Inventory / materials,5000 Cost of Goods Sold,-11395.00,-52156.00
,01/24/2026,Bill Payment,1270,Supplier,Pay vendor,1000 Checking,9116.00,-43040.00
,02/08/2026,Bill,1280,Supplier,Inventory / materials,5000 Cost of Goods Sold,-11680.00,-54720.00
,02/24/2026,Bill Payment,1281,Supplier,Pay vendor,1000 Checking,9344.00,-45376.00
,03/08/2026,Bill,1291,Supplier,Inventory / materials,5000 Cost of Goods Sold,-11972.00,-57348.00
,03/24/2026,Bill Payment,1292,Supplier,Pay vendor,1000 Checking,9578.00,-47770.00
,04/08/2026,Bill,1302,Supplier,Inventory / materials,5000 Cost of Goods Sold,-12271.00,-60041.00
,04/24/2026,Bill Payment,1303,Supplier,Pay vendor,1000 Checking,9817.00,-50224.00
,05/08/2026,Bill,1313,Supplier,Inventory / materials,5000 Cost of Goods Sold,-12578.00,-62802.00
,05/24/2026,Bill Payment,1314,Supplier,Pay vendor,1000 Checking,10062.00,-52740.00
,06/08/2026,Bill,1324,Supplier,Inventory / materials,5000 Cost of Goods Sold,-12892.00,-65632.00
,06/24/2026,Bill Payment,1325,Supplier,Pay vendor,1000 Checking,10314.00,-55318.00
,07/08/2026,Bill,1335,Supplier,Inventory / materials,5000 Cost of Goods Sold,-13215.00,-68533.00
,07/24/2026,Bill Payment,1336,Supplier,Pay vendor,1000 Checking,10572.00,-57961.00
,08/08/2026,Bill,1346,Supplier,Inventory / materials,5000 Cost of Goods Sold,-13545.00,-71506.00
,08/24/2026,Bill Payment,1347,Supplier,Pay vendor,1000 Checking,10836.00,-60670.00
,09/08/2026,Bill,1357,Supplier,Inventory / materials,5000 Cost of Goods Sold,-13884.00,-74554.00
,09/24/2026,Bill Payment,1358,Supplier,Pay vendor,1000 Checking,11107.00,-63447.00
,10/08/2026,Bill,1368,Supplier,Inventory / materials,5000 Cost of Goods Sold,-14231.00,-77678.00
,10/24/2026,Bill Payment,1369,Supplier,Pay vendor,1000 Checking,11385.00,-66293.00
,11/08/2026,Bill,1379,Supplier,Inventory / materials,5000 Cost of Goods Sold,-14587.00,-80880.00
,11/24/2026,Bill Payment,1380,Supplier,Pay vendor,1000 Checking,11670.00,-69210.00
,12/08/2026,Bill,1390,Supplier,Inventory / materials,5000 Cost of Goods Sold,-14951.00,-84161.00
,12/24/2026,Bill Payment,1391,Supplier,Pay vendor,1000 Checking,11961.00,-72200.00
Total for 2000 Accounts Payable,,,,,,,-72200.00,-72200.00
2100 Credit Card,,,,,,,,
,01/12/2024,Credit Card Charge,1009,Ads,Advertising,6200 Marketing Expense,-1300.00,-1300.00
,01/28/2024,Credit Card Payment,1010,Card,Pay card,1000 Checking,1170.00,-130.00
,02/12/2024,Credit Card Charge,1020,Ads,Advertising,6200 Marketing Expense,-1339.00,-1469.00
,02/28/2024,Credit Card Payment,1021,Card,Pay card,1000 Checking,1205.00,-264.00
,03/12/2024,Credit Card Charge,1031,Ads,Advertising,6200 Marketing Expense,-1379.00,-1643.00
,03/28/2024,Credit Card Payment,1032,Card,Pay card,1000 Checking,1241.00,-402.00
,04/12/2024,Credit Card Charge,1042,Ads,Advertising,6200 Marketing Expense,-1421.00,-1823.00
,04/28/2024,Credit Card Payment,1043,Card,Pay card,1000 Checking,1279.00,-544.00
,05/12/2024,Credit Card Charge,1053,Ads,Advertising,6200 Marketing Expense,-1463.00,-2007.00
,05/28/2024,Credit Card Payment,1054,Card,Pay card,1000 Checking,1317.00,-690.00
,06/12/2024,Credit Card Charge,1064,Ads,Advertising,6200 Marketing Expense,-1507.00,-2197.00
,06/28/2024,Credit Card Payment,1065,Card,Pay card,1000 Checking,1356.00,-841.00
,07/12/2024,Credit Card Charge,1075,Ads,Advertising,6200 Marketing Expense,-1552.00,-2393.00
,07/28/2024,Credit Card Payment,1076,Card,Pay card,1000 Checking,1397.00,-996.00
,08/12/2024,Credit Card Charge,1086,Ads,Advertising,6200 Marketing Expense,-1599.00,-2595.00
,08/28/2024,Credit Card Payment,1087,Card,Pay card,1000 Checking,1439.00,-1156.00
,09/12/2024,Credit Card Charge,1097,Ads,Advertising,6200 Marketing Expense,-1647.00,-2803.00
,09/28/2024,Credit Card Payment,1098,Card,Pay card,1000 Checking,1482.00,-1321.00
,10/12/2024,Credit Card Charge,1108,Ads,Advertising,6200 Marketing Expense,-1696.00,-3017.00
,10/28/2024,Credit Card Payment,1109,Card,Pay card,1000 Checking,1526.00,-1491.00
,11/12/2024,Credit Card Charge,1119,Ads,Advertising,6200 Marketing Expense,-1747.00,-3238.00
,11/28/2024,Credit Card Payment,1120,Card,Pay card,1000 Checking,1572.00,-1666.00
,12/12/2024,Credit Card Charge,1130,Ads,Advertising,6200 Marketing Expense,-1800.00,-3466.00
,12/28/2024,Credit Card Payment,1131,Card,Pay card,1000 Checking,1620.00,-1846.00
,01/12/2025,Credit Card Charge,1141,Ads,Advertising,6200 Marketing Expense,-1853.00,-3699.00
,01/28/2025,Credit Card Payment,1142,Card,Pay card,1000 Checking,1668.00,-2031.00
,02/12/2025,Credit Card Charge,1152,Ads,Advertising,6200 Marketing Expense,-1909.00,-3940.00
,02/28/2025,Credit Card Payment,1153,Card,Pay card,1000 Checking,1718.00,-2222.00
,03/12/2025,Credit Card Charge,1163,Ads,Advertising,6200 Marketing Expense,-1966.00,-4188.00
,03/28/2025,Credit Card Payment,1164,Card,Pay card,1000 Checking,1769.00,-2419.00
,04/12/2025,Credit Card Charge,1174,Ads,Advertising,6200 Marketing Expense,-2025.00,-4444.00
,04/28/2025,Credit Card Payment,1175,Card,Pay card,1000 Checking,1823.00,-2621.00
,05/12/2025,Credit Card Charge,1185,Ads,Advertising,6200 Marketing Expense,-2086.00,-4707.00
,05/28/2025,Credit Card Payment,1186,Card,Pay card,1000 Checking,1877.00,-2830.00
,06/12/2025,Credit Card Charge,1196,Ads,Advertising,6200 Marketing Expense,-2149.00,-4979.00
,06/28/2025,Credit Card Payment,1197,Card,Pay card,1000 Checking,1934.00,-3045.00
,07/12/2025,Credit Card Charge,1207,Ads,Advertising,6200 Marketing Expense,-2213.00,-5258.00
,07/28/2025,Credit Card Payment,1208,Card,Pay card,1000 Checking,1992.00,-3266.00
,08/12/2025,Credit Card Charge,1218,Ads,Advertising,6200 Marketing Expense,-2280.00,-5546.00
,08/28/2025,Credit Card Payment,1219,Card,Pay card,1000 Checking,2052.00,-3494.00
,09/12/2025,Credit Card Charge,1229,Ads,Advertising,6200 Marketing Expense,-2348.00,-5842.00
,09/28/2025,Credit Card Payment,1230,Card,Pay card,1000 Checking,2113.00,-3729.00
,10/12/2025,Credit Card Charge,1240,Ads,Advertising,6200 Marketing Expense,-2418.00,-6147.00
,10/28/2025,Credit Card Payment,1241,Card,Pay card,1000 Checking,2176.00,-3971.00
,11/12/2025,Credit Card Charge,1251,Ads,Advertising,6200 Marketing Expense,-2491.00,-6462.00
,11/28/2025,Credit Card Payment,1252,Card,Pay card,1000 Checking,2242.00,-4220.00
,12/12/2025,Credit Card Charge,1262,Ads,Advertising,6200 Marketing Expense,-2566.00,-6786.00
,12/28/2025,Credit Card Payment,1263,Card,Pay card,1000 Checking,2309.00,-4477.00
,01/12/2026,Credit Card Charge,1273,Ads,Advertising,6200 Marketing Expense,-2643.00,-7120.00
,01/28/2026,Credit Card Payment,1274,Card,Pay card,1000 Checking,2379.00,-4741.00
,02/12/2026,Credit Card Charge,1284,Ads,Advertising,6200 Marketing Expense,-2722.00,-7463.00
,02/28/2026,Credit Card Payment,1285,Card,Pay card,1000 Checking,2450.00,-5013.00
,03/12/2026,Credit Card Charge,1295,Ads,Advertising,6200 Marketing Expense,-2804.00,-7817.00
,03/28/2026,Credit Card Payment,1296,Card,Pay card,1000 Checking,2524.00,-5293.00
,04/12/2026,Credit Card Charge,1306,Ads,Advertising,6200 Marketing Expense,-2888.00,-8181.00
,04/28/2026,Credit Card Payment,1307,Card,Pay card,1000 Checking,2599.00,-5582.00
,05/12/2026,Credit Card Charge,1317,Ads,Advertising,6200 Marketing Expense,-2974.00,-8556.00
,05/28/2026,Credit Card Payment,1318,Card,Pay card,1000 Checking,2677.00,-5879.00
,06/12/2026,Credit Card Charge,1328,Ads,Advertising,6200 Marketing Expense,-3064.00,-8943.00
,06/28/2026,Credit Card Payment,1329,Card,Pay card,1000 Checking,2758.00,-6185.00
,07/12/2026,Credit Card Charge,1339,Ads,Advertising,6200 Marketing Expense,-3155.00,-9340.00
,07/28/2026,Credit Card Payment,1340,Card,Pay card,1000 Checking,2840.00,-6500.00
,08/12/2026,Credit Card Charge,1350,Ads,Advertising,6200 Marketing Expense,-3250.00,-9750.00
,08/28/2026,Credit Card Payment,1351,Card,Pay card,1000 Checking,2925.00,-6825.00
,09/12/2026,Credit Card Charge,1361,Ads,Advertising,6200 Marketing Expense,-3348.00,-10173.00
,09/28/2026,Credit Card Payment,1362,Card,Pay card,1000 Checking,3013.00,-7160.00
,10/12/2026,Credit Card Charge,1372,Ads,Advertising,6200 Marketing Expense,-3448.00,-10608.00
,10/28/2026,Credit Card Payment,1373,Card,Pay card,1000 Checking,3103.00,-7505.00
,11/12/2026,Credit Card Charge,1383,Ads,Advertising,6200 Marketing Expense,-3551.00,-11056.00
,11/28/2026,Credit Card Payment,1384,Card,Pay card,1000 Checking,3196.00,-7860.00
,12/12/2026,Credit Card Charge,1394,Ads,Advertising,6200 Marketing Expense,-3658.00,-11518.00
,12/28/2026,Credit Card Payment,1395,Card,Pay card,1000 Checking,3292.00,-8226.00
Total for 2100 Credit Card,,,,,,,-8226.00,-8226.00
3000 Owners Equity,,,,,,,,
,01/02/2024,Deposit,1001,Owner,Opening capital,1000 Checking,-60000.00,-60000.00
Total for 3000 Owners Equity,,,,,,,-60000.00,-60000.00
4000 Product Revenue,,,,,,,,
,01/05/2024,Invoice,1002,Customer,Monthly product sales,1200 Accounts Receivable,-15000.00,-15000.00
,02/05/2024,Invoice,1013,Customer,Monthly product sales,1200 Accounts Receivable,-15375.00,-30375.00
,03/05/2024,Invoice,1024,Customer,Monthly product sales,1200 Accounts Receivable,-15759.00,-46134.00
,04/05/2024,Invoice,1035,Customer,Monthly product sales,1200 Accounts Receivable,-16153.00,-62287.00
,05/05/2024,Invoice,1046,Customer,Monthly product sales,1200 Accounts Receivable,-16557.00,-78844.00
,06/05/2024,Invoice,1057,Customer,Monthly product sales,1200 Accounts Receivable,-16971.00,-95815.00
,07/05/2024,Invoice,1068,Customer,Monthly product sales,1200 Accounts Receivable,-17395.00,-113210.00
,08/05/2024,Invoice,1079,Customer,Monthly product sales,1200 Accounts Receivable,-17830.00,-131040.00
,09/05/2024,Invoice,1090,Customer,Monthly product sales,1200 Accounts Receivable,-18276.00,-149316.00
,10/05/2024,Invoice,1101,Customer,Monthly product sales,1200 Accounts Receivable,-18733.00,-168049.00
,11/05/2024,Invoice,1112,Customer,Monthly product sales,1200 Accounts Receivable,-19201.00,-187250.00
,12/05/2024,Invoice,1123,Customer,Monthly product sales,1200 Accounts Receivable,-19681.00,-206931.00
,01/05/2025,Invoice,1134,Customer,Monthly product sales,1200 Accounts Receivable,-20173.00,-227104.00
,02/05/2025,Invoice,1145,Customer,Monthly product sales,1200 Accounts Receivable,-20678.00,-247782.00
,03/05/2025,Invoice,1156,Customer,Monthly product sales,1200 Accounts Receivable,-21195.00,-268977.00
,04/05/2025,Invoice,1167,Customer,Monthly product sales,1200 Accounts Receivable,-21724.00,-290701.00
,05/05/2025,Invoice,1178,Customer,Monthly product sales,1200 Accounts Receivable,-22268.00,-312969.00
,06/05/2025,Invoice,1189,Customer,Monthly product sales,1200 Accounts Receivable,-22824.00,-335793.00
,07/05/2025,Invoice,1200,Customer,Monthly product sales,1200 Accounts Receivable,-23395.00,-359188.00
,08/05/2025,Invoice,1211,Customer,Monthly product sales,1200 Accounts Receivable,-23980.00,-383168.00
,09/05/2025,Invoice,1222,Customer,Monthly product sales,1200 Accounts Receivable,-24579.00,-407747.00
,10/05/2025,Invoice,1233,Customer,Monthly product sales,1200 Accounts Receivable,-25194.00,-432941.00
,11/05/2025,Invoice,1244,Customer,Monthly product sales,1200 Accounts Receivable,-25824.00,-458765.00
,12/05/2025,Invoice,1255,Customer,Monthly product sales,1200 Accounts Receivable,-26469.00,-485234.00
,01/05/2026,Invoice,1266,Customer,Monthly product sales,1200 Accounts Receivable,-27131.00,-512365.00
,02/05/2026,Invoice,1277,Customer,Monthly product sales,1200 Accounts Receivable,-27809.00,-540174.00
,03/05/2026,Invoice,1288,Customer,Monthly product sales,1200 Accounts Receivable,-28504.00,-568678.00
,04/05/2026,Invoice,1299,Customer,Monthly product sales,1200 Accounts Receivable,-29217.00,-597895.00
,05/05/2026,Invoice,1310,Customer,Monthly product sales,1200 Accounts Receivable,-29947.00,-627842.00
,06/05/2026,Invoice,1321,Customer,Monthly product sales,1200 Accounts Receivable,-30696.00,-658538.00
,07/05/2026,Invoice,1332,Customer,Monthly product sales,1200 Accounts Receivable,-31464.00,-690002.00
,08/05/2026,Invoice,1343,Customer,Monthly product sales,1200 Accounts Receivable,-32250.00,-722252.00
,09/05/2026,Invoice,1354,Customer,Monthly product sales,1200 Accounts Receivable,-33056.00,-755308.00
,10/05/2026,Invoice,1365,Customer,Monthly product sales,1200 Accounts Receivable,-33883.00,-789191.00
,11/05/2026,Invoice,1376,Customer,Monthly product sales,1200 Accounts Receivable,-34730.00,-823921.00
,12/05/2026,Invoice,1387,Customer,Monthly product sales,1200 Accounts Receivable,-35598.00,-859519.00
Total for 4000 Product Revenue,,,,,,,-859519.00,-859519.00
4100 Consulting Revenue,,,,,,,,
,01/06/2024,Invoice,1003,Client,Consulting engagement,1200 Accounts Receivable,-6000.00,-6000.00
,02/06/2024,Invoice,1014,Client,Consulting engagement,1200 Accounts Receivable,-6150.00,-12150.00
,03/06/2024,Invoice,1025,Client,Consulting engagement,1200 Accounts Receivable,-6304.00,-18454.00
,04/06/2024,Invoice,1036,Client,Consulting engagement,1200 Accounts Receivable,-6461.00,-24915.00
,05/06/2024,Invoice,1047,Client,Consulting engagement,1200 Accounts Receivable,-6623.00,-31538.00
,06/06/2024,Invoice,1058,Client,Consulting engagement,1200 Accounts Receivable,-6788.00,-38326.00
,07/06/2024,Invoice,1069,Client,Consulting engagement,1200 Accounts Receivable,-6958.00,-45284.00
,08/06/2024,Invoice,1080,Client,Consulting engagement,1200 Accounts Receivable,-7132.00,-52416.00
,09/06/2024,Invoice,1091,Client,Consulting engagement,1200 Accounts Receivable,-7310.00,-59726.00
,10/06/2024,Invoice,1102,Client,Consulting engagement,1200 Accounts Receivable,-7493.00,-67219.00
,11/06/2024,Invoice,1113,Client,Consulting engagement,1200 Accounts Receivable,-7681.00,-74900.00
,12/06/2024,Invoice,1124,Client,Consulting engagement,1200 Accounts Receivable,-7873.00,-82773.00
,01/06/2025,Invoice,1135,Client,Consulting engagement,1200 Accounts Receivable,-8069.00,-90842.00
,02/06/2025,Invoice,1146,Client,Consulting engagement,1200 Accounts Receivable,-8271.00,-99113.00
,03/06/2025,Invoice,1157,Client,Consulting engagement,1200 Accounts Receivable,-8478.00,-107591.00
,04/06/2025,Invoice,1168,Client,Consulting engagement,1200 Accounts Receivable,-8690.00,-116281.00
,05/06/2025,Invoice,1179,Client,Consulting engagement,1200 Accounts Receivable,-8907.00,-125188.00
,06/06/2025,Invoice,1190,Client,Consulting engagement,1200 Accounts Receivable,-9130.00,-134318.00
,07/06/2025,Invoice,1201,Client,Consulting engagement,1200 Accounts Receivable,-9358.00,-143676.00
,08/06/2025,Invoice,1212,Client,Consulting engagement,1200 Accounts Receivable,-9592.00,-153268.00
,09/06/2025,Invoice,1223,Client,Consulting engagement,1200 Accounts Receivable,-9832.00,-163100.00
,10/06/2025,Invoice,1234,Client,Consulting engagement,1200 Accounts Receivable,-10077.00,-173177.00
,11/06/2025,Invoice,1245,Client,Consulting engagement,1200 Accounts Receivable,-10329.00,-183506.00
,12/06/2025,Invoice,1256,Client,Consulting engagement,1200 Accounts Receivable,-10588.00,-194094.00
,01/06/2026,Invoice,1267,Client,Consulting engagement,1200 Accounts Receivable,-10852.00,-204946.00
,02/06/2026,Invoice,1278,Client,Consulting engagement,1200 Accounts Receivable,-11124.00,-216070.00
,03/06/2026,Invoice,1289,Client,Consulting engagement,1200 Accounts Receivable,-11402.00,-227472.00
,04/06/2026,Invoice,1300,Client,Consulting engagement,1200 Accounts Receivable,-11687.00,-239159.00
,05/06/2026,Invoice,1311,Client,Consulting engagement,1200 Accounts Receivable,-11979.00,-251138.00
,06/06/2026,Invoice,1322,Client,Consulting engagement,1200 Accounts Receivable,-12278.00,-263416.00
,07/06/2026,Invoice,1333,Client,Consulting engagement,1200 Accounts Receivable,-12585.00,-276001.00
,08/06/2026,Invoice,1344,Client,Consulting engagement,1200 Accounts Receivable,-12900.00,-288901.00
,09/06/2026,Invoice,1355,Client,Consulting engagement,1200 Accounts Receivable,-13223.00,-302124.00
,10/06/2026,Invoice,1366,Client,Consulting engagement,1200 Accounts Receivable,-13553.00,-315677.00
,11/06/2026,Invoice,1377,Client,Consulting engagement,1200 Accounts Receivable,-13892.00,-329569.00
,12/06/2026,Invoice,1388,Client,Consulting engagement,1200 Accounts Receivable,-14239.00,-343808.00
Total for 4100 Consulting Revenue,,,,,,,-343808.00,-343808.00
5000 Cost of Goods Sold,,,,,,,,
,01/08/2024,Bill,1005,Supplier,Inventory / materials,2000 Accounts Payable,6300.00,6300.00
,02/08/2024,Bill,1016,Supplier,Inventory / materials,2000 Accounts Payable,6458.00,12758.00
,03/08/2024,Bill,1027,Supplier,Inventory / materials,2000 Accounts Payable,6619.00,19377.00
,04/08/2024,Bill,1038,Supplier,Inventory / materials,2000 Accounts Payable,6784.00,26161.00
,05/08/2024,Bill,1049,Supplier,Inventory / materials,2000 Accounts Payable,6954.00,33115.00
,06/08/2024,Bill,1060,Supplier,Inventory / materials,2000 Accounts Payable,7128.00,40243.00
,07/08/2024,Bill,1071,Supplier,Inventory / materials,2000 Accounts Payable,7306.00,47549.00
,08/08/2024,Bill,1082,Supplier,Inventory / materials,2000 Accounts Payable,7489.00,55038.00
,09/08/2024,Bill,1093,Supplier,Inventory / materials,2000 Accounts Payable,7676.00,62714.00
,10/08/2024,Bill,1104,Supplier,Inventory / materials,2000 Accounts Payable,7868.00,70582.00
,11/08/2024,Bill,1115,Supplier,Inventory / materials,2000 Accounts Payable,8064.00,78646.00
,12/08/2024,Bill,1126,Supplier,Inventory / materials,2000 Accounts Payable,8266.00,86912.00
,01/08/2025,Bill,1137,Supplier,Inventory / materials,2000 Accounts Payable,8473.00,95385.00
,02/08/2025,Bill,1148,Supplier,Inventory / materials,2000 Accounts Payable,8685.00,104070.00
,03/08/2025,Bill,1159,Supplier,Inventory / materials,2000 Accounts Payable,8902.00,112972.00
,04/08/2025,Bill,1170,Supplier,Inventory / materials,2000 Accounts Payable,9124.00,122096.00
,05/08/2025,Bill,1181,Supplier,Inventory / materials,2000 Accounts Payable,9353.00,131449.00
,06/08/2025,Bill,1192,Supplier,Inventory / materials,2000 Accounts Payable,9586.00,141035.00
,07/08/2025,Bill,1203,Supplier,Inventory / materials,2000 Accounts Payable,9826.00,150861.00
,08/08/2025,Bill,1214,Supplier,Inventory / materials,2000 Accounts Payable,10072.00,160933.00
,09/08/2025,Bill,1225,Supplier,Inventory / materials,2000 Accounts Payable,10323.00,171256.00
,10/08/2025,Bill,1236,Supplier,Inventory / materials,2000 Accounts Payable,10581.00,181837.00
,11/08/2025,Bill,1247,Supplier,Inventory / materials,2000 Accounts Payable,10846.00,192683.00
,12/08/2025,Bill,1258,Supplier,Inventory / materials,2000 Accounts Payable,11117.00,203800.00
,01/08/2026,Bill,1269,Supplier,Inventory / materials,2000 Accounts Payable,11395.00,215195.00
,02/08/2026,Bill,1280,Supplier,Inventory / materials,2000 Accounts Payable,11680.00,226875.00
,03/08/2026,Bill,1291,Supplier,Inventory / materials,2000 Accounts Payable,11972.00,238847.00
,04/08/2026,Bill,1302,Supplier,Inventory / materials,2000 Accounts Payable,12271.00,251118.00
,05/08/2026,Bill,1313,Supplier,Inventory / materials,2000 Accounts Payable,12578.00,263696.00
,06/08/2026,Bill,1324,Supplier,Inventory / materials,2000 Accounts Payable,12892.00,276588.00
,07/08/2026,Bill,1335,Supplier,Inventory / materials,2000 Accounts Payable,13215.00,289803.00
,08/08/2026,Bill,1346,Supplier,Inventory / materials,2000 Accounts Payable,13545.00,303348.00
,09/08/2026,Bill,1357,Supplier,Inventory / materials,2000 Accounts Payable,13884.00,317232.00
,10/08/2026,Bill,1368,Supplier,Inventory / materials,2000 Accounts Payable,14231.00,331463.00
,11/08/2026,Bill,1379,Supplier,Inventory / materials,2000 Accounts Payable,14587.00,346050.00
,12/08/2026,Bill,1390,Supplier,Inventory / materials,2000 Accounts Payable,14951.00,361001.00
Total for 5000 Cost of Goods Sold,,,,,,,361001.00,361001.00
6000 Payroll Expense,,,,,,,,
,01/15/2024,Check,1007,Staff,Payroll run,1000 Checking,8000.00,8000.00
,02/15/2024,Check,1018,Staff,Payroll run,1000 Checking,8000.00,16000.00
,03/15/2024,Check,1029,Staff,Payroll run,1000 Checking,8000.00,24000.00
,04/15/2024,Check,1040,Staff,Payroll run,1000 Checking,8000.00,32000.00
,05/15/2024,Check,1051,Staff,Payroll run,1000 Checking,8000.00,40000.00
,06/15/2024,Check,1062,Staff,Payroll run,1000 Checking,8000.00,48000.00
,07/15/2024,Check,1073,Staff,Payroll run,1000 Checking,8000.00,56000.00
,08/15/2024,Check,1084,Staff,Payroll run,1000 Checking,8000.00,64000.00
,09/15/2024,Check,1095,Staff,Payroll run,1000 Checking,8000.00,72000.00
,10/15/2024,Check,1106,Staff,Payroll run,1000 Checking,8000.00,80000.00
,11/15/2024,Check,1117,Staff,Payroll run,1000 Checking,8000.00,88000.00
,12/15/2024,Check,1128,Staff,Payroll run,1000 Checking,8000.00,96000.00
,01/15/2025,Check,1139,Staff,Payroll run,1000 Checking,9500.00,105500.00
,02/15/2025,Check,1150,Staff,Payroll run,1000 Checking,9500.00,115000.00
,03/15/2025,Check,1161,Staff,Payroll run,1000 Checking,9500.00,124500.00
,04/15/2025,Check,1172,Staff,Payroll run,1000 Checking,9500.00,134000.00
,05/15/2025,Check,1183,Staff,Payroll run,1000 Checking,9500.00,143500.00
,06/15/2025,Check,1194,Staff,Payroll run,1000 Checking,9500.00,153000.00
,07/15/2025,Check,1205,Staff,Payroll run,1000 Checking,9500.00,162500.00
,08/15/2025,Check,1216,Staff,Payroll run,1000 Checking,9500.00,172000.00
,09/15/2025,Check,1227,Staff,Payroll run,1000 Checking,9500.00,181500.00
,10/15/2025,Check,1238,Staff,Payroll run,1000 Checking,9500.00,191000.00
,11/15/2025,Check,1249,Staff,Payroll run,1000 Checking,9500.00,200500.00
,12/15/2025,Check,1260,Staff,Payroll run,1000 Checking,9500.00,210000.00
,01/15/2026,Check,1271,Staff,Payroll run,1000 Checking,11000.00,221000.00
,02/15/2026,Check,1282,Staff,Payroll run,1000 Checking,11000.00,232000.00
,03/15/2026,Check,1293,Staff,Payroll run,1000 Checking,11000.00,243000.00
,04/15/2026,Check,1304,Staff,Payroll run,1000 Checking,11000.00,254000.00
,05/15/2026,Check,1315,Staff,Payroll run,1000 Checking,11000.00,265000.00
,06/15/2026,Check,1326,Staff,Payroll run,1000 Checking,11000.00,276000.00
,07/15/2026,Check,1337,Staff,Payroll run,1000 Checking,11000.00,287000.00
,08/15/2026,Check,1348,Staff,Payroll run,1000 Checking,11000.00,298000.00
,09/15/2026,Check,1359,Staff,Payroll run,1000 Checking,11000.00,309000.00
,10/15/2026,Check,1370,Staff,Payroll run,1000 Checking,11000.00,320000.00
,11/15/2026,Check,1381,Staff,Payroll run,1000 Checking,11000.00,331000.00
,12/15/2026,Check,1392,Staff,Payroll run,1000 Checking,11000.00,342000.00
Total for 6000 Payroll Expense,,,,,,,342000.00,342000.00
6100 Rent Expense,,,,,,,,
,01/01/2024,Check,1008,Landlord,Office rent,1000 Checking,2600.00,2600.00
,02/01/2024,Check,1019,Landlord,Office rent,1000 Checking,2600.00,5200.00
,03/01/2024,Check,1030,Landlord,Office rent,1000 Checking,2600.00,7800.00
,04/01/2024,Check,1041,Landlord,Office rent,1000 Checking,2600.00,10400.00
,05/01/2024,Check,1052,Landlord,Office rent,1000 Checking,2600.00,13000.00
,06/01/2024,Check,1063,Landlord,Office rent,1000 Checking,2600.00,15600.00
,07/01/2024,Check,1074,Landlord,Office rent,1000 Checking,2600.00,18200.00
,08/01/2024,Check,1085,Landlord,Office rent,1000 Checking,2600.00,20800.00
,09/01/2024,Check,1096,Landlord,Office rent,1000 Checking,2600.00,23400.00
,10/01/2024,Check,1107,Landlord,Office rent,1000 Checking,2600.00,26000.00
,11/01/2024,Check,1118,Landlord,Office rent,1000 Checking,2600.00,28600.00
,12/01/2024,Check,1129,Landlord,Office rent,1000 Checking,2600.00,31200.00
,01/01/2025,Check,1140,Landlord,Office rent,1000 Checking,2800.00,34000.00
,02/01/2025,Check,1151,Landlord,Office rent,1000 Checking,2800.00,36800.00
,03/01/2025,Check,1162,Landlord,Office rent,1000 Checking,2800.00,39600.00
,04/01/2025,Check,1173,Landlord,Office rent,1000 Checking,2800.00,42400.00
,05/01/2025,Check,1184,Landlord,Office rent,1000 Checking,2800.00,45200.00
,06/01/2025,Check,1195,Landlord,Office rent,1000 Checking,2800.00,48000.00
,07/01/2025,Check,1206,Landlord,Office rent,1000 Checking,2800.00,50800.00
,08/01/2025,Check,1217,Landlord,Office rent,1000 Checking,2800.00,53600.00
,09/01/2025,Check,1228,Landlord,Office rent,1000 Checking,2800.00,56400.00
,10/01/2025,Check,1239,Landlord,Office rent,1000 Checking,2800.00,59200.00
,11/01/2025,Check,1250,Landlord,Office rent,1000 Checking,2800.00,62000.00
,12/01/2025,Check,1261,Landlord,Office rent,1000 Checking,2800.00,64800.00
,01/01/2026,Check,1272,Landlord,Office rent,1000 Checking,3000.00,67800.00
,02/01/2026,Check,1283,Landlord,Office rent,1000 Checking,3000.00,70800.00
,03/01/2026,Check,1294,Landlord,Office rent,1000 Checking,3000.00,73800.00
,04/01/2026,Check,1305,Landlord,Office rent,1000 Checking,3000.00,76800.00
,05/01/2026,Check,1316,Landlord,Office rent,1000 Checking,3000.00,79800.00
,06/01/2026,Check,1327,Landlord,Office rent,1000 Checking,3000.00,82800.00
,07/01/2026,Check,1338,Landlord,Office rent,1000 Checking,3000.00,85800.00
,08/01/2026,Check,1349,Landlord,Office rent,1000 Checking,3000.00,88800.00
,09/01/2026,Check,1360,Landlord,Office rent,1000 Checking,3000.00,91800.00
,10/01/2026,Check,1371,Landlord,Office rent,1000 Checking,3000.00,94800.00
,11/01/2026,Check,1382,Landlord,Office rent,1000 Checking,3000.00,97800.00
,12/01/2026,Check,1393,Landlord,Office rent,1000 Checking,3000.00,100800.00
Total for 6100 Rent Expense,,,,,,,100800.00,100800.00
6200 Marketing Expense,,,,,,,,
,01/12/2024,Credit Card Charge,1009,Ads,Advertising,2100 Credit Card,1300.00,1300.00
,02/12/2024,Credit Card Charge,1020,Ads,Advertising,2100 Credit Card,1339.00,2639.00
,03/12/2024,Credit Card Charge,1031,Ads,Advertising,2100 Credit Card,1379.00,4018.00
,04/12/2024,Credit Card Charge,1042,Ads,Advertising,2100 Credit Card,1421.00,5439.00
,05/12/2024,Credit Card Charge,1053,Ads,Advertising,2100 Credit Card,1463.00,6902.00
,06/12/2024,Credit Card Charge,1064,Ads,Advertising,2100 Credit Card,1507.00,8409.00
,07/12/2024,Credit Card Charge,1075,Ads,Advertising,2100 Credit Card,1552.00,9961.00
,08/12/2024,Credit Card Charge,1086,Ads,Advertising,2100 Credit Card,1599.00,11560.00
,09/12/2024,Credit Card Charge,1097,Ads,Advertising,2100 Credit Card,1647.00,13207.00
,10/12/2024,Credit Card Charge,1108,Ads,Advertising,2100 Credit Card,1696.00,14903.00
,11/12/2024,Credit Card Charge,1119,Ads,Advertising,2100 Credit Card,1747.00,16650.00
,12/12/2024,Credit Card Charge,1130,Ads,Advertising,2100 Credit Card,1800.00,18450.00
,01/12/2025,Credit Card Charge,1141,Ads,Advertising,2100 Credit Card,1853.00,20303.00
,02/12/2025,Credit Card Charge,1152,Ads,Advertising,2100 Credit Card,1909.00,22212.00
,03/12/2025,Credit Card Charge,1163,Ads,Advertising,2100 Credit Card,1966.00,24178.00
,04/12/2025,Credit Card Charge,1174,Ads,Advertising,2100 Credit Card,2025.00,26203.00
,05/12/2025,Credit Card Charge,1185,Ads,Advertising,2100 Credit Card,2086.00,28289.00
,06/12/2025,Credit Card Charge,1196,Ads,Advertising,2100 Credit Card,2149.00,30438.00
,07/12/2025,Credit Card Charge,1207,Ads,Advertising,2100 Credit Card,2213.00,32651.00
,08/12/2025,Credit Card Charge,1218,Ads,Advertising,2100 Credit Card,2280.00,34931.00
,09/12/2025,Credit Card Charge,1229,Ads,Advertising,2100 Credit Card,2348.00,37279.00
,10/12/2025,Credit Card Charge,1240,Ads,Advertising,2100 Credit Card,2418.00,39697.00
,11/12/2025,Credit Card Charge,1251,Ads,Advertising,2100 Credit Card,2491.00,42188.00
,12/12/2025,Credit Card Charge,1262,Ads,Advertising,2100 Credit Card,2566.00,44754.00
,01/12/2026,Credit Card Charge,1273,Ads,Advertising,2100 Credit Card,2643.00,47397.00
,02/12/2026,Credit Card Charge,1284,Ads,Advertising,2100 Credit Card,2722.00,50119.00
,03/12/2026,Credit Card Charge,1295,Ads,Advertising,2100 Credit Card,2804.00,52923.00
,04/12/2026,Credit Card Charge,1306,Ads,Advertising,2100 Credit Card,2888.00,55811.00
,05/12/2026,Credit Card Charge,1317,Ads,Advertising,2100 Credit Card,2974.00,58785.00
,06/12/2026,Credit Card Charge,1328,Ads,Advertising,2100 Credit Card,3064.00,61849.00
,07/12/2026,Credit Card Charge,1339,Ads,Advertising,2100 Credit Card,3155.00,65004.00
,08/12/2026,Credit Card Charge,1350,Ads,Advertising,2100 Credit Card,3250.00,68254.00
,09/12/2026,Credit Card Charge,1361,Ads,Advertising,2100 Credit Card,3348.00,71602.00
,10/12/2026,Credit Card Charge,1372,Ads,Advertising,2100 Credit Card,3448.00,75050.00
,11/12/2026,Credit Card Charge,1383,Ads,Advertising,2100 Credit Card,3551.00,78601.00
,12/12/2026,Credit Card Charge,1394,Ads,Advertising,2100 Credit Card,3658.00,82259.00
Total for 6200 Marketing Expense,,,,,,,82259.00,82259.00
7000 Interest Income,,,,,,,,
,01/30/2024,Deposit,1011,Bank,Interest earned,1000 Checking,-45.00,-45.00
,02/30/2024,Deposit,1022,Bank,Interest earned,1000 Checking,-45.00,-90.00
,03/30/2024,Deposit,1033,Bank,Interest earned,1000 Checking,-45.00,-135.00
,04/30/2024,Deposit,1044,Bank,Interest earned,1000 Checking,-45.00,-180.00
,05/30/2024,Deposit,1055,Bank,Interest earned,1000 Checking,-45.00,-225.00
,06/30/2024,Deposit,1066,Bank,Interest earned,1000 Checking,-45.00,-270.00
,07/30/2024,Deposit,1077,Bank,Interest earned,1000 Checking,-45.00,-315.00
,08/30/2024,Deposit,1088,Bank,Interest earned,1000 Checking,-45.00,-360.00
,09/30/2024,Deposit,1099,Bank,Interest earned,1000 Checking,-45.00,-405.00
,10/30/2024,Deposit,1110,Bank,Interest earned,1000 Checking,-45.00,-450.00
,11/30/2024,Deposit,1121,Bank,Interest earned,1000 Checking,-45.00,-495.00
,12/30/2024,Deposit,1132,Bank,Interest earned,1000 Checking,-45.00,-540.00
,01/30/2025,Deposit,1143,Bank,Interest earned,1000 Checking,-45.00,-585.00
,02/30/2025,Deposit,1154,Bank,Interest earned,1000 Checking,-45.00,-630.00
,03/30/2025,Deposit,1165,Bank,Interest earned,1000 Checking,-45.00,-675.00
,04/30/2025,Deposit,1176,Bank,Interest earned,1000 Checking,-45.00,-720.00
,05/30/2025,Deposit,1187,Bank,Interest earned,1000 Checking,-45.00,-765.00
,06/30/2025,Deposit,1198,Bank,Interest earned,1000 Checking,-45.00,-810.00
,07/30/2025,Deposit,1209,Bank,Interest earned,1000 Checking,-45.00,-855.00
,08/30/2025,Deposit,1220,Bank,Interest earned,1000 Checking,-45.00,-900.00
,09/30/2025,Deposit,1231,Bank,Interest earned,1000 Checking,-45.00,-945.00
,10/30/2025,Deposit,1242,Bank,Interest earned,1000 Checking,-45.00,-990.00
,11/30/2025,Deposit,1253,Bank,Interest earned,1000 Checking,-45.00,-1035.00
,12/30/2025,Deposit,1264,Bank,Interest earned,1000 Checking,-45.00,-1080.00
,01/30/2026,Deposit,1275,Bank,Interest earned,1000 Checking,-45.00,-1125.00
,02/30/2026,Deposit,1286,Bank,Interest earned,1000 Checking,-45.00,-1170.00
,03/30/2026,Deposit,1297,Bank,Interest earned,1000 Checking,-45.00,-1215.00
,04/30/2026,Deposit,1308,Bank,Interest earned,1000 Checking,-45.00,-1260.00
,05/30/2026,Deposit,1319,Bank,Interest earned,1000 Checking,-45.00,-1305.00
,06/30/2026,Deposit,1330,Bank,Interest earned,1000 Checking,-45.00,-1350.00
,07/30/2026,Deposit,1341,Bank,Interest earned,1000 Checking,-45.00,-1395.00
,08/30/2026,Deposit,1352,Bank,Interest earned,1000 Checking,-45.00,-1440.00
,09/30/2026,Deposit,1363,Bank,Interest earned,1000 Checking,-45.00,-1485.00
,10/30/2026,Deposit,1374,Bank,Interest earned,1000 Checking,-45.00,-1530.00
,11/30/2026,Deposit,1385,Bank,Interest earned,1000 Checking,-45.00,-1575.00
,12/30/2026,Deposit,1396,Bank,Interest earned,1000 Checking,-45.00,-1620.00
Total for 7000 Interest Income,,,,,,,-1620.00,-1620.00
8000 Interest Expense,,,,,,,,
,01/18/2024,Check,1012,Bank,Loan interest,1000 Checking,210.00,210.00
,02/18/2024,Check,1023,Bank,Loan interest,1000 Checking,210.00,420.00
,03/18/2024,Check,1034,Bank,Loan interest,1000 Checking,210.00,630.00
,04/18/2024,Check,1045,Bank,Loan interest,1000 Checking,210.00,840.00
,05/18/2024,Check,1056,Bank,Loan interest,1000 Checking,210.00,1050.00
,06/18/2024,Check,1067,Bank,Loan interest,1000 Checking,210.00,1260.00
,07/18/2024,Check,1078,Bank,Loan interest,1000 Checking,210.00,1470.00
,08/18/2024,Check,1089,Bank,Loan interest,1000 Checking,210.00,1680.00
,09/18/2024,Check,1100,Bank,Loan interest,1000 Checking,210.00,1890.00
,10/18/2024,Check,1111,Bank,Loan interest,1000 Checking,210.00,2100.00
,11/18/2024,Check,1122,Bank,Loan interest,1000 Checking,210.00,2310.00
,12/18/2024,Check,1133,Bank,Loan interest,1000 Checking,210.00,2520.00
,01/18/2025,Check,1144,Bank,Loan interest,1000 Checking,210.00,2730.00
,02/18/2025,Check,1155,Bank,Loan interest,1000 Checking,210.00,2940.00
,03/18/2025,Check,1166,Bank,Loan interest,1000 Checking,210.00,3150.00
,04/18/2025,Check,1177,Bank,Loan interest,1000 Checking,210.00,3360.00
,05/18/2025,Check,1188,Bank,Loan interest,1000 Checking,210.00,3570.00
,06/18/2025,Check,1199,Bank,Loan interest,1000 Checking,210.00,3780.00
,07/18/2025,Check,1210,Bank,Loan interest,1000 Checking,210.00,3990.00
,08/18/2025,Check,1221,Bank,Loan interest,1000 Checking,210.00,4200.00
,09/18/2025,Check,1232,Bank,Loan interest,1000 Checking,210.00,4410.00
,10/18/2025,Check,1243,Bank,Loan interest,1000 Checking,210.00,4620.00
,11/18/2025,Check,1254,Bank,Loan interest,1000 Checking,210.00,4830.00
,12/18/2025,Check,1265,Bank,Loan interest,1000 Checking,210.00,5040.00
,01/18/2026,Check,1276,Bank,Loan interest,1000 Checking,210.00,5250.00
,02/18/2026,Check,1287,Bank,Loan interest,1000 Checking,210.00,5460.00
,03/18/2026,Check,1298,Bank,Loan interest,1000 Checking,210.00,5670.00
,04/18/2026,Check,1309,Bank,Loan interest,1000 Checking,210.00,5880.00
,05/18/2026,Check,1320,Bank,Loan interest,1000 Checking,210.00,6090.00
,06/18/2026,Check,1331,Bank,Loan interest,1000 Checking,210.00,6300.00
,07/18/2026,Check,1342,Bank,Loan interest,1000 Checking,210.00,6510.00
,08/18/2026,Check,1353,Bank,Loan interest,1000 Checking,210.00,6720.00
,09/18/2026,Check,1364,Bank,Loan interest,1000 Checking,210.00,6930.00
,10/18/2026,Check,1375,Bank,Loan interest,1000 Checking,210.00,7140.00
,11/18/2026,Check,1386,Bank,Loan interest,1000 Checking,210.00,7350.00
,12/18/2026,Check,1397,Bank,Loan interest,1000 Checking,210.00,7560.00
Total for 8000 Interest Expense,,,,,,,7560.00,7560.00
