Founders Demo Co,,,,,,,,,,
General Ledger,,,,,,,,,,
January 1 - December 31, 2026,,,,,,,,,,
,,,,,,,,,,
,Date,Transaction Type,Num,Name,Vendor,Customer,Memo/Description,Split,Amount,Balance
1000 Checking,,,,,,,,,,
,01/01/2026,Check,2008,Blue Shield of CA,Blue Shield of CA,,Payroll and benefits,6000 Payroll & Benefits,-980.00,-980.00
,01/01/2026,Check,2009,WeWork,WeWork,,Office rent,6100 Rent & Facilities,-3400.00,-4380.00
,01/02/2026,Deposit,2001,Owner,,,Opening capital,3000 Owners Equity,100000.00,95620.00
,01/15/2026,Check,2007,Gusto,Gusto,,Payroll and benefits,6000 Payroll & Benefits,-12500.00,83120.00
,01/26/2026,Expense,2004,Stripe,Stripe,,Payment processing fees,5100 Merchant Processing Fees,-470.00,82650.00
,01/28/2026,Check,2016,First Republic Bank,First Republic Bank,,Loan interest,8000 Interest Expense,-210.00,82440.00
,01/30/2026,Deposit,2017,First Republic Bank,,,Interest earned,7000 Interest Income,45.00,82485.00
,02/01/2026,Check,2029,Blue Shield of CA,Blue Shield of CA,,Payroll and benefits,6000 Payroll & Benefits,-980.00,81505.00
,02/01/2026,Check,2030,WeWork,WeWork,,Office rent,6100 Rent & Facilities,-3400.00,78105.00
,02/06/2026,Credit Card Payment,2039,Chase,Chase,,Pay card balance in full,2100 Credit Card,-3490.00,74615.00
,02/09/2026,Check,2344,Apple,Apple,,Laptops for new hires,1500 Computer Equipment,-6200.00,68415.00
,02/10/2026,Bill Payment,2025,Amazon Web Services,Amazon Web Services,,Pay bill,2000 Accounts Payable,-2400.00,66015.00
,02/10/2026,Bill Payment,2027,Cloudflare,Cloudflare,,Pay bill,2000 Accounts Payable,-400.00,65615.00
,02/10/2026,Bill Payment,2037,Startup Accounting Advisors,Startup Accounting Advisors,,Pay bill,2000 Accounts Payable,-1500.00,64115.00
,02/15/2026,Payment,2019,Acme Corp,,Acme Corp,Invoice payment,1200 Accounts Receivable,9800.00,73915.00
,02/15/2026,Payment,2021,Globex Inc,,Globex Inc,Invoice payment,1200 Accounts Receivable,6400.00,80315.00
,02/15/2026,Check,2028,Gusto,Gusto,,Payroll and benefits,6000 Payroll & Benefits,-12500.00,67815.00
,02/26/2026,Expense,2023,Stripe,Stripe,,Payment processing fees,5100 Merchant Processing Fees,-738.00,67077.00
,02/28/2026,Check,2038,First Republic Bank,First Republic Bank,,Loan interest,8000 Interest Expense,-210.00,66867.00
,02/30/2026,Deposit,2040,First Republic Bank,,,Interest earned,7000 Interest Income,45.00,66912.00
,03/01/2026,Check,2054,Blue Shield of CA,Blue Shield of CA,,Payroll and benefits,6000 Payroll & Benefits,-980.00,65932.00
,03/01/2026,Check,2055,WeWork,WeWork,,Office rent,6100 Rent & Facilities,-3400.00,62532.00
,03/06/2026,Credit Card Payment,2067,Chase,Chase,,Pay card balance in full,2100 Credit Card,-3548.00,58984.00
,03/10/2026,Bill Payment,2050,Amazon Web Services,Amazon Web Services,,Pay bill,2000 Accounts Payable,-2484.00,56500.00
,03/10/2026,Bill Payment,2052,Cloudflare,Cloudflare,,Pay bill,2000 Accounts Payable,-400.00,56100.00
,03/10/2026,Bill Payment,2062,Startup Accounting Advisors,Startup Accounting Advisors,,Pay bill,2000 Accounts Payable,-1500.00,54600.00
,03/15/2026,Payment,2042,Acme Corp,,Acme Corp,Invoice payment,1200 Accounts Receivable,10045.00,64645.00
,03/15/2026,Payment,2044,Globex Inc,,Globex Inc,Invoice payment,1200 Accounts Receivable,6400.00,71045.00
,03/15/2026,Payment,2047,Stark Industries,,Stark Industries,Invoice payment,1200 Accounts Receivable,9000.00,80045.00
,03/15/2026,Check,2053,Gusto,Gusto,,Payroll and benefits,6000 Payroll & Benefits,-12500.00,67545.00
,03/26/2026,Expense,2048,Stripe,Stripe,,Payment processing fees,5100 Merchant Processing Fees,-887.00,66658.00
,03/28/2026,Check,2066,First Republic Bank,First Republic Bank,,Loan interest,8000 Interest Expense,-210.00,66448.00
,03/30/2026,Deposit,2068,First Republic Bank,,,Interest earned,7000 Interest Income,45.00,66493.00
,04/01/2026,Check,2084,Blue Shield of CA,Blue Shield of CA,,Payroll and benefits,6000 Payroll & Benefits,-980.00,65513.00
,04/01/2026,Check,2085,WeWork,WeWork,,Office rent,6100 Rent & Facilities,-3400.00,62113.00
,04/06/2026,Credit Card Payment,2096,Chase,Chase,,Pay card balance in full,2100 Credit Card,-6572.00,55541.00
,04/10/2026,Bill Payment,2079,Amazon Web Services,Amazon Web Services,,Pay bill,2000 Accounts Payable,-2571.00,52970.00
,04/10/2026,Bill Payment,2081,Cloudflare,Cloudflare,,Pay bill,2000 Accounts Payable,-400.00,52570.00
,04/10/2026,Bill Payment,2093,Startup Accounting Advisors,Startup Accounting Advisors,,Pay bill,2000 Accounts Payable,-1500.00,51070.00
,04/10/2026,Bill Payment,2094,Wilson & Gray LLP,Wilson & Gray LLP,,Pay bill,2000 Accounts Payable,-2600.00,48470.00
,04/15/2026,Payment,2070,Acme Corp,,Acme Corp,Invoice payment,1200 Accounts Receivable,10296.00,58766.00
,04/15/2026,Payment,2072,Globex Inc,,Globex Inc,Invoice payment,1200 Accounts Receivable,6400.00,65166.00
,04/15/2026,Payment,2074,Initech LLC,,Initech LLC,Invoice payment,1200 Accounts Receivable,4900.00,70066.00
,04/15/2026,Payment,2076,Stark Industries,,Stark Industries,Invoice payment,1200 Accounts Receivable,9000.00,79066.00
,04/15/2026,Check,2083,Gusto,Gusto,,Payroll and benefits,6000 Payroll & Benefits,-12500.00,66566.00
,04/26/2026,Expense,2077,Stripe,Stripe,,Payment processing fees,5100 Merchant Processing Fees,-895.00,65671.00
,04/28/2026,Check,2095,First Republic Bank,First Republic Bank,,Loan interest,8000 Interest Expense,-210.00,65461.00
,04/30/2026,Deposit,2097,First Republic Bank,,,Interest earned,7000 Interest Income,45.00,65506.00
,05/01/2026,Check,2114,Blue Shield of CA,Blue Shield of CA,,Payroll and benefits,6000 Payroll & Benefits,-980.00,64526.00
,05/01/2026,Check,2115,WeWork,WeWork,,Office rent,6100 Rent & Facilities,-3400.00,61126.00
,05/06/2026,Credit Card Payment,2125,Chase,Chase,,Pay card balance in full,2100 Credit Card,-4374.00,56752.00
,05/10/2026,Bill Payment,2108,Amazon Web Services,Amazon Web Services,,Pay bill,2000 Accounts Payable,-2661.00,54091.00
,05/10/2026,Bill Payment,2110,Cloudflare,Cloudflare,,Pay bill,2000 Accounts Payable,-400.00,53691.00
,05/10/2026,Bill Payment,2112,Datadog,Datadog,,Pay bill,2000 Accounts Payable,-680.00,53011.00
,05/10/2026,Bill Payment,2123,Startup Accounting Advisors,Startup Accounting Advisors,,Pay bill,2000 Accounts Payable,-1500.00,51511.00
,05/15/2026,Payment,2099,Acme Corp,,Acme Corp,Invoice payment,1200 Accounts Receivable,10554.00,62065.00
,05/15/2026,Payment,2101,Globex Inc,,Globex Inc,Invoice payment,1200 Accounts Receivable,6400.00,68465.00
,05/15/2026,Payment,2103,Initech LLC,,Initech LLC,Invoice payment,1200 Accounts Receivable,4900.00,73365.00
,05/15/2026,Payment,2105,Stark Industries,,Stark Industries,Invoice payment,1200 Accounts Receivable,9000.00,82365.00
,05/15/2026,Check,2113,Gusto,Gusto,,Payroll and benefits,6000 Payroll & Benefits,-12500.00,69865.00
,05/26/2026,Expense,2106,Stripe,Stripe,,Payment processing fees,5100 Merchant Processing Fees,-902.00,68963.00
,05/28/2026,Check,2124,First Republic Bank,First Republic Bank,,Loan interest,8000 Interest Expense,-210.00,68753.00
,05/30/2026,Deposit,2126,First Republic Bank,,,Interest earned,7000 Interest Income,45.00,68798.00
,06/01/2026,Check,2142,Blue Shield of CA,Blue Shield of CA,,Payroll and benefits,6000 Payroll & Benefits,-980.00,67818.00
,06/01/2026,Check,2143,WeWork,WeWork,,Office rent,6100 Rent & Facilities,-3400.00,64418.00
,06/06/2026,Credit Card Payment,2156,Chase,Chase,,Pay card balance in full,2100 Credit Card,-4252.00,60166.00
,06/10/2026,Bill Payment,2136,Amazon Web Services,Amazon Web Services,,Pay bill,2000 Accounts Payable,-2754.00,57412.00
,06/10/2026,Bill Payment,2138,Cloudflare,Cloudflare,,Pay bill,2000 Accounts Payable,-400.00,57012.00
,06/10/2026,Bill Payment,2140,Datadog,Datadog,,Pay bill,2000 Accounts Payable,-680.00,56332.00
,06/10/2026,Bill Payment,2151,Startup Accounting Advisors,Startup Accounting Advisors,,Pay bill,2000 Accounts Payable,-1500.00,54832.00
,06/15/2026,Payment,2128,Acme Corp,,Acme Corp,Invoice payment,1200 Accounts Receivable,10817.00,65649.00
,06/15/2026,Payment,2130,Globex Inc,,Globex Inc,Invoice payment,1200 Accounts Receivable,6400.00,72049.00
,06/15/2026,Payment,2132,Initech LLC,,Initech LLC,Invoice payment,1200 Accounts Receivable,4900.00,76949.00
,06/15/2026,Payment,2133,Stark Industries,,Stark Industries,Invoice payment,1200 Accounts Receivable,9000.00,85949.00
,06/15/2026,Check,2141,Gusto,Gusto,,Payroll and benefits,6000 Payroll & Benefits,-12500.00,73449.00
,06/26/2026,Expense,2134,Stripe,Stripe,,Payment processing fees,5100 Merchant Processing Fees,-649.00,72800.00
,06/28/2026,Check,2155,First Republic Bank,First Republic Bank,,Loan interest,8000 Interest Expense,-210.00,72590.00
,06/30/2026,Deposit,2157,First Republic Bank,,,Interest earned,7000 Interest Income,45.00,72635.00
,07/01/2026,Check,2172,Blue Shield of CA,Blue Shield of CA,,Payroll and benefits,6000 Payroll & Benefits,-980.00,71655.00
,07/01/2026,Check,2173,WeWork,WeWork,,Office rent,6100 Rent & Facilities,-3400.00,68255.00
,07/06/2026,Credit Card Payment,2185,Chase,Chase,,Pay card balance in full,2100 Credit Card,-6199.00,62056.00
,07/10/2026,Bill Payment,2166,Amazon Web Services,Amazon Web Services,,Pay bill,2000 Accounts Payable,-2850.00,59206.00
,07/10/2026,Bill Payment,2168,Cloudflare,Cloudflare,,Pay bill,2000 Accounts Payable,-400.00,58806.00
,07/10/2026,Bill Payment,2170,Datadog,Datadog,,Pay bill,2000 Accounts Payable,-680.00,58126.00
,07/10/2026,Bill Payment,2182,Startup Accounting Advisors,Startup Accounting Advisors,,Pay bill,2000 Accounts Payable,-1500.00,56626.00
,07/10/2026,Bill Payment,2183,Wilson & Gray LLP,Wilson & Gray LLP,,Pay bill,2000 Accounts Payable,-2600.00,54026.00
,07/15/2026,Payment,2159,Acme Corp,,Acme Corp,Invoice payment,1200 Accounts Receivable,11088.00,65114.00
,07/15/2026,Payment,2161,Globex Inc,,Globex Inc,Invoice payment,1200 Accounts Receivable,6400.00,71514.00
,07/15/2026,Payment,2163,Initech LLC,,Initech LLC,Invoice payment,1200 Accounts Receivable,4900.00,76414.00
,07/15/2026,Check,2171,Gusto,Gusto,,Payroll and benefits,6000 Payroll & Benefits,-14500.00,61914.00
,07/26/2026,Expense,2164,Stripe,Stripe,,Payment processing fees,5100 Merchant Processing Fees,-657.00,61257.00
,07/28/2026,Check,2184,First Republic Bank,First Republic Bank,,Loan interest,8000 Interest Expense,-210.00,61047.00
,07/30/2026,Deposit,2186,First Republic Bank,,,Interest earned,7000 Interest Income,45.00,61092.00
,08/01/2026,Check,2202,Blue Shield of CA,Blue Shield of CA,,Payroll and benefits,6000 Payroll & Benefits,-980.00,60112.00
,08/01/2026,Check,2203,WeWork,WeWork,,Office rent,6100 Rent & Facilities,-3400.00,56712.00
,08/06/2026,Credit Card Payment,2214,Chase,Chase,,Pay card balance in full,2100 Credit Card,-6333.00,50379.00
,08/10/2026,Bill Payment,2196,Amazon Web Services,Amazon Web Services,,Pay bill,2000 Accounts Payable,-2950.00,47429.00
,08/10/2026,Bill Payment,2198,Cloudflare,Cloudflare,,Pay bill,2000 Accounts Payable,-400.00,47029.00
,08/10/2026,Bill Payment,2200,Datadog,Datadog,,Pay bill,2000 Accounts Payable,-680.00,46349.00
,08/10/2026,Bill Payment,2212,Startup Accounting Advisors,Startup Accounting Advisors,,Pay bill,2000 Accounts Payable,-1500.00,44849.00
,08/15/2026,Payment,2188,Acme Corp,,Acme Corp,Invoice payment,1200 Accounts Receivable,11365.00,56214.00
,08/15/2026,Payment,2190,Globex Inc,,Globex Inc,Invoice payment,1200 Accounts Receivable,6400.00,62614.00
,08/15/2026,Payment,2192,Initech LLC,,Initech LLC,Invoice payment,1200 Accounts Receivable,4900.00,67514.00
,08/15/2026,Check,2201,Gusto,Gusto,,Payroll and benefits,6000 Payroll & Benefits,-14500.00,53014.00
,08/26/2026,Expense,2194,Stripe,Stripe,,Payment processing fees,5100 Merchant Processing Fees,-1014.00,52000.00
,08/28/2026,Check,2213,First Republic Bank,First Republic Bank,,Loan interest,8000 Interest Expense,-210.00,51790.00
,08/30/2026,Deposit,2215,First Republic Bank,,,Interest earned,7000 Interest Income,45.00,51835.00
,09/01/2026,Check,2232,Blue Shield of CA,Blue Shield of CA,,Payroll and benefits,6000 Payroll & Benefits,-980.00,50855.00
,09/01/2026,Check,2233,WeWork,WeWork,,Office rent,6100 Rent & Facilities,-3400.00,47455.00
,09/06/2026,Credit Card Payment,2246,Chase,Chase,,Pay card balance in full,2100 Credit Card,-6387.00,41068.00
,09/10/2026,Bill Payment,2226,Amazon Web Services,Amazon Web Services,,Pay bill,2000 Accounts Payable,-3053.00,38015.00
,09/10/2026,Bill Payment,2228,Cloudflare,Cloudflare,,Pay bill,2000 Accounts Payable,-400.00,37615.00
,09/10/2026,Bill Payment,2230,Datadog,Datadog,,Pay bill,2000 Accounts Payable,-680.00,36935.00
,09/10/2026,Bill Payment,2243,Startup Accounting Advisors,Startup Accounting Advisors,,Pay bill,2000 Accounts Payable,-1500.00,35435.00
,09/15/2026,Payment,2217,Acme Corp,,Acme Corp,Invoice payment,1200 Accounts Receivable,11649.00,47084.00
,09/15/2026,Payment,2219,Globex Inc,,Globex Inc,Invoice payment,1200 Accounts Receivable,6400.00,53484.00
,09/15/2026,Payment,2221,Initech LLC,,Initech LLC,Invoice payment,1200 Accounts Receivable,4900.00,58384.00
,09/15/2026,Payment,2223,Wayne Enterprises,,Wayne Enterprises,Invoice payment,1200 Accounts Receivable,12000.00,70384.00
,09/15/2026,Check,2231,Gusto,Gusto,,Payroll and benefits,6000 Payroll & Benefits,-14500.00,55884.00
,09/26/2026,Expense,2224,Stripe,Stripe,,Payment processing fees,5100 Merchant Processing Fees,-1022.00,54862.00
,09/28/2026,Check,2245,First Republic Bank,First Republic Bank,,Loan interest,8000 Interest Expense,-210.00,54652.00
,09/30/2026,Deposit,2247,First Republic Bank,,,Interest earned,7000 Interest Income,45.00,54697.00
,10/01/2026,Check,2264,Blue Shield of CA,Blue Shield of CA,,Payroll and benefits,6000 Payroll & Benefits,-980.00,53717.00
,10/01/2026,Check,2265,WeWork,WeWork,,Office rent,6100 Rent & Facilities,-3400.00,50317.00
,10/06/2026,Credit Card Payment,2280,Chase,Chase,,Pay card balance in full,2100 Credit Card,-7799.00,42518.00
,10/10/2026,Bill Payment,2258,Amazon Web Services,Amazon Web Services,,Pay bill,2000 Accounts Payable,-3160.00,39358.00
,10/10/2026,Bill Payment,2260,Cloudflare,Cloudflare,,Pay bill,2000 Accounts Payable,-400.00,38958.00
,10/10/2026,Bill Payment,2262,Datadog,Datadog,,Pay bill,2000 Accounts Payable,-680.00,38278.00
,10/10/2026,Bill Payment,2275,Startup Accounting Advisors,Startup Accounting Advisors,,Pay bill,2000 Accounts Payable,-1500.00,36778.00
,10/10/2026,Bill Payment,2276,Wilson & Gray LLP,Wilson & Gray LLP,,Pay bill,2000 Accounts Payable,-2600.00,34178.00
,10/15/2026,Payment,2249,Acme Corp,,Acme Corp,Invoice payment,1200 Accounts Receivable,11940.00,46118.00
,10/15/2026,Payment,2251,Globex Inc,,Globex Inc,Invoice payment,1200 Accounts Receivable,6400.00,52518.00
,10/15/2026,Payment,2253,Initech LLC,,Initech LLC,Invoice payment,1200 Accounts Receivable,4900.00,57418.00
,10/15/2026,Payment,2255,Wayne Enterprises,,Wayne Enterprises,Invoice payment,1200 Accounts Receivable,12000.00,69418.00
,10/15/2026,Check,2263,Gusto,Gusto,,Payroll and benefits,6000 Payroll & Benefits,-14500.00,54918.00
,10/26/2026,Expense,2256,Stripe,Stripe,,Payment processing fees,5100 Merchant Processing Fees,-1031.00,53887.00
,10/28/2026,Check,2279,First Republic Bank,First Republic Bank,,Loan interest,8000 Interest Expense,-210.00,53677.00
,10/30/2026,Deposit,2281,First Republic Bank,,,Interest earned,7000 Interest Income,45.00,53722.00
,11/01/2026,Check,2298,Blue Shield of CA,Blue Shield of CA,,Payroll and benefits,6000 Payroll & Benefits,-980.00,52742.00
,11/01/2026,Check,2299,WeWork,WeWork,,Office rent,6100 Rent & Facilities,-3400.00,49342.00
,11/06/2026,Credit Card Payment,2311,Chase,Chase,,Pay card balance in full,2100 Credit Card,-11381.00,37961.00
,11/10/2026,Bill Payment,2292,Amazon Web Services,Amazon Web Services,,Pay bill,2000 Accounts Payable,-3271.00,34690.00
,11/10/2026,Bill Payment,2294,Cloudflare,Cloudflare,,Pay bill,2000 Accounts Payable,-400.00,34290.00
,11/10/2026,Bill Payment,2296,Datadog,Datadog,,Pay bill,2000 Accounts Payable,-680.00,33610.00
,11/10/2026,Bill Payment,2309,Startup Accounting Advisors,Startup Accounting Advisors,,Pay bill,2000 Accounts Payable,-1500.00,32110.00
,11/15/2026,Payment,2283,Acme Corp,,Acme Corp,Invoice payment,1200 Accounts Receivable,12239.00,44349.00
,11/15/2026,Payment,2285,Globex Inc,,Globex Inc,Invoice payment,1200 Accounts Receivable,6400.00,50749.00
,11/15/2026,Payment,2287,Initech LLC,,Initech LLC,Invoice payment,1200 Accounts Receivable,4900.00,55649.00
,11/15/2026,Payment,2289,Wayne Enterprises,,Wayne Enterprises,Invoice payment,1200 Accounts Receivable,12000.00,67649.00
,11/15/2026,Check,2297,Gusto,Gusto,,Payroll and benefits,6000 Payroll & Benefits,-14500.00,53149.00
,11/26/2026,Expense,2290,Stripe,Stripe,,Payment processing fees,5100 Merchant Processing Fees,-1040.00,52109.00
,11/28/2026,Check,2310,First Republic Bank,First Republic Bank,,Loan interest,8000 Interest Expense,-210.00,51899.00
,11/30/2026,Deposit,2312,First Republic Bank,,,Interest earned,7000 Interest Income,45.00,51944.00
,12/01/2026,Check,2328,Blue Shield of CA,Blue Shield of CA,,Payroll and benefits,6000 Payroll & Benefits,-980.00,50964.00
,12/01/2026,Check,2329,WeWork,WeWork,,Office rent,6100 Rent & Facilities,-3400.00,47564.00
,12/06/2026,Credit Card Payment,2342,Chase,Chase,,Pay card balance in full,2100 Credit Card,-9454.00,38110.00
,12/10/2026,Bill Payment,2322,Amazon Web Services,Amazon Web Services,,Pay bill,2000 Accounts Payable,-3385.00,34725.00
,12/10/2026,Bill Payment,2324,Cloudflare,Cloudflare,,Pay bill,2000 Accounts Payable,-400.00,34325.00
,12/10/2026,Bill Payment,2326,Datadog,Datadog,,Pay bill,2000 Accounts Payable,-680.00,33645.00
,12/10/2026,Bill Payment,2339,Startup Accounting Advisors,Startup Accounting Advisors,,Pay bill,2000 Accounts Payable,-1500.00,32145.00
,12/15/2026,Payment,2314,Acme Corp,,Acme Corp,Invoice payment,1200 Accounts Receivable,12545.00,44690.00
,12/15/2026,Payment,2316,Globex Inc,,Globex Inc,Invoice payment,1200 Accounts Receivable,6400.00,51090.00
,12/15/2026,Payment,2318,Initech LLC,,Initech LLC,Invoice payment,1200 Accounts Receivable,4900.00,55990.00
,12/15/2026,Payment,2319,Wayne Enterprises,,Wayne Enterprises,Invoice payment,1200 Accounts Receivable,12000.00,67990.00
,12/15/2026,Check,2327,Gusto,Gusto,,Payroll and benefits,6000 Payroll & Benefits,-14500.00,53490.00
,12/26/2026,Expense,2320,Stripe,Stripe,,Payment processing fees,5100 Merchant Processing Fees,-701.00,52789.00
,12/28/2026,Check,2341,First Republic Bank,First Republic Bank,,Loan interest,8000 Interest Expense,-210.00,52579.00
,12/30/2026,Deposit,2343,First Republic Bank,,,Interest earned,7000 Interest Income,45.00,52624.00
Total for 1000 Checking,,,,,,,,,52624.00,52624.00
1200 Accounts Receivable,,,,,,,,,,
,01/04/2026,Invoice,2002,Acme Corp,,Acme Corp,Monthly billing,4000 Subscription Revenue,9800.00,9800.00
,01/04/2026,Invoice,2003,Globex Inc,,Globex Inc,Monthly billing,4000 Subscription Revenue,6400.00,16200.00
,02/04/2026,Invoice,2018,Acme Corp,,Acme Corp,Monthly billing,4000 Subscription Revenue,10045.00,26245.00
,02/04/2026,Invoice,2020,Globex Inc,,Globex Inc,Monthly billing,4000 Subscription Revenue,6400.00,32645.00
,02/04/2026,Invoice,2022,Stark Industries,,Stark Industries,Monthly billing,4100 Professional Services Revenue,9000.00,41645.00
,02/15/2026,Payment,2019,Acme Corp,,Acme Corp,Invoice payment,1000 Checking,-9800.00,31845.00
,02/15/2026,Payment,2021,Globex Inc,,Globex Inc,Invoice payment,1000 Checking,-6400.00,25445.00
,03/04/2026,Invoice,2041,Acme Corp,,Acme Corp,Monthly billing,4000 Subscription Revenue,10296.00,35741.00
,03/04/2026,Invoice,2043,Globex Inc,,Globex Inc,Monthly billing,4000 Subscription Revenue,6400.00,42141.00
,03/04/2026,Invoice,2045,Initech LLC,,Initech LLC,Monthly billing,4000 Subscription Revenue,4900.00,47041.00
,03/04/2026,Invoice,2046,Stark Industries,,Stark Industries,Monthly billing,4100 Professional Services Revenue,9000.00,56041.00
,03/15/2026,Payment,2042,Acme Corp,,Acme Corp,Invoice payment,1000 Checking,-10045.00,45996.00
,03/15/2026,Payment,2044,Globex Inc,,Globex Inc,Invoice payment,1000 Checking,-6400.00,39596.00
,03/15/2026,Payment,2047,Stark Industries,,Stark Industries,Invoice payment,1000 Checking,-9000.00,30596.00
,04/04/2026,Invoice,2069,Acme Corp,,Acme Corp,Monthly billing,4000 Subscription Revenue,10554.00,41150.00
,04/04/2026,Invoice,2071,Globex Inc,,Globex Inc,Monthly billing,4000 Subscription Revenue,6400.00,47550.00
,04/04/2026,Invoice,2073,Initech LLC,,Initech LLC,Monthly billing,4000 Subscription Revenue,4900.00,52450.00
,04/04/2026,Invoice,2075,Stark Industries,,Stark Industries,Monthly billing,4100 Professional Services Revenue,9000.00,61450.00
,04/15/2026,Payment,2070,Acme Corp,,Acme Corp,Invoice payment,1000 Checking,-10296.00,51154.00
,04/15/2026,Payment,2072,Globex Inc,,Globex Inc,Invoice payment,1000 Checking,-6400.00,44754.00
,04/15/2026,Payment,2074,Initech LLC,,Initech LLC,Invoice payment,1000 Checking,-4900.00,39854.00
,04/15/2026,Payment,2076,Stark Industries,,Stark Industries,Invoice payment,1000 Checking,-9000.00,30854.00
,05/04/2026,Invoice,2098,Acme Corp,,Acme Corp,Monthly billing,4000 Subscription Revenue,10817.00,41671.00
,05/04/2026,Invoice,2100,Globex Inc,,Globex Inc,Monthly billing,4000 Subscription Revenue,6400.00,48071.00
,05/04/2026,Invoice,2102,Initech LLC,,Initech LLC,Monthly billing,4000 Subscription Revenue,4900.00,52971.00
,05/04/2026,Invoice,2104,Stark Industries,,Stark Industries,Monthly billing,4100 Professional Services Revenue,9000.00,61971.00
,05/15/2026,Payment,2099,Acme Corp,,Acme Corp,Invoice payment,1000 Checking,-10554.00,51417.00
,05/15/2026,Payment,2101,Globex Inc,,Globex Inc,Invoice payment,1000 Checking,-6400.00,45017.00
,05/15/2026,Payment,2103,Initech LLC,,Initech LLC,Invoice payment,1000 Checking,-4900.00,40117.00
,05/15/2026,Payment,2105,Stark Industries,,Stark Industries,Invoice payment,1000 Checking,-9000.00,31117.00
,06/04/2026,Invoice,2127,Acme Corp,,Acme Corp,Monthly billing,4000 Subscription Revenue,11088.00,42205.00
,06/04/2026,Invoice,2129,Globex Inc,,Globex Inc,Monthly billing,4000 Subscription Revenue,6400.00,48605.00
,06/04/2026,Invoice,2131,Initech LLC,,Initech LLC,Monthly billing,4000 Subscription Revenue,4900.00,53505.00
,06/15/2026,Payment,2128,Acme Corp,,Acme Corp,Invoice payment,1000 Checking,-10817.00,42688.00
,06/15/2026,Payment,2130,Globex Inc,,Globex Inc,Invoice payment,1000 Checking,-6400.00,36288.00
,06/15/2026,Payment,2132,Initech LLC,,Initech LLC,Invoice payment,1000 Checking,-4900.00,31388.00
,06/15/2026,Payment,2133,Stark Industries,,Stark Industries,Invoice payment,1000 Checking,-9000.00,22388.00
,07/04/2026,Invoice,2158,Acme Corp,,Acme Corp,Monthly billing,4000 Subscription Revenue,11365.00,33753.00
,07/04/2026,Invoice,2160,Globex Inc,,Globex Inc,Monthly billing,4000 Subscription Revenue,6400.00,40153.00
,07/04/2026,Invoice,2162,Initech LLC,,Initech LLC,Monthly billing,4000 Subscription Revenue,4900.00,45053.00
,07/15/2026,Payment,2159,Acme Corp,,Acme Corp,Invoice payment,1000 Checking,-11088.00,33965.00
,07/15/2026,Payment,2161,Globex Inc,,Globex Inc,Invoice payment,1000 Checking,-6400.00,27565.00
,07/15/2026,Payment,2163,Initech LLC,,Initech LLC,Invoice payment,1000 Checking,-4900.00,22665.00
,08/04/2026,Invoice,2187,Acme Corp,,Acme Corp,Monthly billing,4000 Subscription Revenue,11649.00,34314.00
,08/04/2026,Invoice,2189,Globex Inc,,Globex Inc,Monthly billing,4000 Subscription Revenue,6400.00,40714.00
,08/04/2026,Invoice,2191,Initech LLC,,Initech LLC,Monthly billing,4000 Subscription Revenue,4900.00,45614.00
,08/04/2026,Invoice,2193,Wayne Enterprises,,Wayne Enterprises,Monthly billing,4100 Professional Services Revenue,12000.00,57614.00
,08/15/2026,Payment,2188,Acme Corp,,Acme Corp,Invoice payment,1000 Checking,-11365.00,46249.00
,08/15/2026,Payment,2190,Globex Inc,,Globex Inc,Invoice payment,1000 Checking,-6400.00,39849.00
,08/15/2026,Payment,2192,Initech LLC,,Initech LLC,Invoice payment,1000 Checking,-4900.00,34949.00
,09/04/2026,Invoice,2216,Acme Corp,,Acme Corp,Monthly billing,4000 Subscription Revenue,11940.00,46889.00
,09/04/2026,Invoice,2218,Globex Inc,,Globex Inc,Monthly billing,4000 Subscription Revenue,6400.00,53289.00
,09/04/2026,Invoice,2220,Initech LLC,,Initech LLC,Monthly billing,4000 Subscription Revenue,4900.00,58189.00
,09/04/2026,Invoice,2222,Wayne Enterprises,,Wayne Enterprises,Monthly billing,4100 Professional Services Revenue,12000.00,70189.00
,09/15/2026,Payment,2217,Acme Corp,,Acme Corp,Invoice payment,1000 Checking,-11649.00,58540.00
,09/15/2026,Payment,2219,Globex Inc,,Globex Inc,Invoice payment,1000 Checking,-6400.00,52140.00
,09/15/2026,Payment,2221,Initech LLC,,Initech LLC,Invoice payment,1000 Checking,-4900.00,47240.00
,09/15/2026,Payment,2223,Wayne Enterprises,,Wayne Enterprises,Invoice payment,1000 Checking,-12000.00,35240.00
,10/04/2026,Invoice,2248,Acme Corp,,Acme Corp,Monthly billing,4000 Subscription Revenue,12239.00,47479.00
,10/04/2026,Invoice,2250,Globex Inc,,Globex Inc,Monthly billing,4000 Subscription Revenue,6400.00,53879.00
,10/04/2026,Invoice,2252,Initech LLC,,Initech LLC,Monthly billing,4000 Subscription Revenue,4900.00,58779.00
,10/04/2026,Invoice,2254,Wayne Enterprises,,Wayne Enterprises,Monthly billing,4100 Professional Services Revenue,12000.00,70779.00
,10/15/2026,Payment,2249,Acme Corp,,Acme Corp,Invoice payment,1000 Checking,-11940.00,58839.00
,10/15/2026,Payment,2251,Globex Inc,,Globex Inc,Invoice payment,1000 Checking,-6400.00,52439.00
,10/15/2026,Payment,2253,Initech LLC,,Initech LLC,Invoice payment,1000 Checking,-4900.00,47539.00
,10/15/2026,Payment,2255,Wayne Enterprises,,Wayne Enterprises,Invoice payment,1000 Checking,-12000.00,35539.00
,11/04/2026,Invoice,2282,Acme Corp,,Acme Corp,Monthly billing,4000 Subscription Revenue,12545.00,48084.00
,11/04/2026,Invoice,2284,Globex Inc,,Globex Inc,Monthly billing,4000 Subscription Revenue,6400.00,54484.00
,11/04/2026,Invoice,2286,Initech LLC,,Initech LLC,Monthly billing,4000 Subscription Revenue,4900.00,59384.00
,11/04/2026,Invoice,2288,Wayne Enterprises,,Wayne Enterprises,Monthly billing,4100 Professional Services Revenue,12000.00,71384.00
,11/15/2026,Payment,2283,Acme Corp,,Acme Corp,Invoice payment,1000 Checking,-12239.00,59145.00
,11/15/2026,Payment,2285,Globex Inc,,Globex Inc,Invoice payment,1000 Checking,-6400.00,52745.00
,11/15/2026,Payment,2287,Initech LLC,,Initech LLC,Invoice payment,1000 Checking,-4900.00,47845.00
,11/15/2026,Payment,2289,Wayne Enterprises,,Wayne Enterprises,Invoice payment,1000 Checking,-12000.00,35845.00
,12/04/2026,Invoice,2313,Acme Corp,,Acme Corp,Monthly billing,4000 Subscription Revenue,12858.00,48703.00
,12/04/2026,Invoice,2315,Globex Inc,,Globex Inc,Monthly billing,4000 Subscription Revenue,6400.00,55103.00
,12/04/2026,Invoice,2317,Initech LLC,,Initech LLC,Monthly billing,4000 Subscription Revenue,4900.00,60003.00
,12/15/2026,Payment,2314,Acme Corp,,Acme Corp,Invoice payment,1000 Checking,-12545.00,47458.00
,12/15/2026,Payment,2316,Globex Inc,,Globex Inc,Invoice payment,1000 Checking,-6400.00,41058.00
,12/15/2026,Payment,2318,Initech LLC,,Initech LLC,Invoice payment,1000 Checking,-4900.00,36158.00
,12/15/2026,Payment,2319,Wayne Enterprises,,Wayne Enterprises,Invoice payment,1000 Checking,-12000.00,24158.00
Total for 1200 Accounts Receivable,,,,,,,,,24158.00,24158.00
1500 Computer Equipment,,,,,,,,,,
,02/09/2026,Check,2344,Apple,Apple,,Laptops for new hires,1000 Checking,6200.00,6200.00
Total for 1500 Computer Equipment,,,,,,,,,6200.00,6200.00
2000 Accounts Payable,,,,,,,,,,
,01/03/2026,Bill,2005,Amazon Web Services,Amazon Web Services,,Cloud infrastructure,5000 Hosting & Infrastructure,-2400.00,-2400.00
,01/03/2026,Bill,2006,Cloudflare,Cloudflare,,Cloud infrastructure,5000 Hosting & Infrastructure,-400.00,-2800.00
,01/05/2026,Bill,2015,Startup Accounting Advisors,Startup Accounting Advisors,,Professional services,6400 Professional Services,-1500.00,-4300.00
,02/03/2026,Bill,2024,Amazon Web Services,Amazon Web Services,,Cloud infrastructure,5000 Hosting & Infrastructure,-2484.00,-6784.00
,02/03/2026,Bill,2026,Cloudflare,Cloudflare,,Cloud infrastructure,5000 Hosting & Infrastructure,-400.00,-7184.00
,02/05/2026,Bill,2036,Startup Accounting Advisors,Startup Accounting Advisors,,Professional services,6400 Professional Services,-1500.00,-8684.00
,02/10/2026,Bill Payment,2025,Amazon Web Services,Amazon Web Services,,Pay bill,1000 Checking,2400.00,-6284.00
,02/10/2026,Bill Payment,2027,Cloudflare,Cloudflare,,Pay bill,1000 Checking,400.00,-5884.00
,02/10/2026,Bill Payment,2037,Startup Accounting Advisors,Startup Accounting Advisors,,Pay bill,1000 Checking,1500.00,-4384.00
,03/03/2026,Bill,2049,Amazon Web Services,Amazon Web Services,,Cloud infrastructure,5000 Hosting & Infrastructure,-2571.00,-6955.00
,03/03/2026,Bill,2051,Cloudflare,Cloudflare,,Cloud infrastructure,5000 Hosting & Infrastructure,-400.00,-7355.00
,03/05/2026,Bill,2061,Startup Accounting Advisors,Startup Accounting Advisors,,Professional services,6400 Professional Services,-1500.00,-8855.00
,03/10/2026,Bill Payment,2050,Amazon Web Services,Amazon Web Services,,Pay bill,1000 Checking,2484.00,-6371.00
,03/10/2026,Bill Payment,2052,Cloudflare,Cloudflare,,Pay bill,1000 Checking,400.00,-5971.00
,03/10/2026,Bill Payment,2062,Startup Accounting Advisors,Startup Accounting Advisors,,Pay bill,1000 Checking,1500.00,-4471.00
,03/18/2026,Bill,2063,Wilson & Gray LLP,Wilson & Gray LLP,,Professional services,6400 Professional Services,-2600.00,-7071.00
,04/03/2026,Bill,2078,Amazon Web Services,Amazon Web Services,,Cloud infrastructure,5000 Hosting & Infrastructure,-2661.00,-9732.00
,04/03/2026,Bill,2080,Cloudflare,Cloudflare,,Cloud infrastructure,5000 Hosting & Infrastructure,-400.00,-10132.00
,04/03/2026,Bill,2082,Datadog,Datadog,,Cloud infrastructure,5000 Hosting & Infrastructure,-680.00,-10812.00
,04/05/2026,Bill,2092,Startup Accounting Advisors,Startup Accounting Advisors,,Professional services,6400 Professional Services,-1500.00,-12312.00
,04/10/2026,Bill Payment,2079,Amazon Web Services,Amazon Web Services,,Pay bill,1000 Checking,2571.00,-9741.00
,04/10/2026,Bill Payment,2081,Cloudflare,Cloudflare,,Pay bill,1000 Checking,400.00,-9341.00
,04/10/2026,Bill Payment,2093,Startup Accounting Advisors,Startup Accounting Advisors,,Pay bill,1000 Checking,1500.00,-7841.00
,04/10/2026,Bill Payment,2094,Wilson & Gray LLP,Wilson & Gray LLP,,Pay bill,1000 Checking,2600.00,-5241.00
,05/03/2026,Bill,2107,Amazon Web Services,Amazon Web Services,,Cloud infrastructure,5000 Hosting & Infrastructure,-2754.00,-7995.00
,05/03/2026,Bill,2109,Cloudflare,Cloudflare,,Cloud infrastructure,5000 Hosting & Infrastructure,-400.00,-8395.00
,05/03/2026,Bill,2111,Datadog,Datadog,,Cloud infrastructure,5000 Hosting & Infrastructure,-680.00,-9075.00
,05/05/2026,Bill,2122,Startup Accounting Advisors,Startup Accounting Advisors,,Professional services,6400 Professional Services,-1500.00,-10575.00
,05/10/2026,Bill Payment,2108,Amazon Web Services,Amazon Web Services,,Pay bill,1000 Checking,2661.00,-7914.00
,05/10/2026,Bill Payment,2110,Cloudflare,Cloudflare,,Pay bill,1000 Checking,400.00,-7514.00
,05/10/2026,Bill Payment,2112,Datadog,Datadog,,Pay bill,1000 Checking,680.00,-6834.00
,05/10/2026,Bill Payment,2123,Startup Accounting Advisors,Startup Accounting Advisors,,Pay bill,1000 Checking,1500.00,-5334.00
,06/03/2026,Bill,2135,Amazon Web Services,Amazon Web Services,,Cloud infrastructure,5000 Hosting & Infrastructure,-2850.00,-8184.00
,06/03/2026,Bill,2137,Cloudflare,Cloudflare,,Cloud infrastructure,5000 Hosting & Infrastructure,-400.00,-8584.00
,06/03/2026,Bill,2139,Datadog,Datadog,,Cloud infrastructure,5000 Hosting & Infrastructure,-680.00,-9264.00
,06/05/2026,Bill,2150,Startup Accounting Advisors,Startup Accounting Advisors,,Professional services,6400 Professional Services,-1500.00,-10764.00
,06/10/2026,Bill Payment,2136,Amazon Web Services,Amazon Web Services,,Pay bill,1000 Checking,2754.00,-8010.00
,06/10/2026,Bill Payment,2138,Cloudflare,Cloudflare,,Pay bill,1000 Checking,400.00,-7610.00
,06/10/2026,Bill Payment,2140,Datadog,Datadog,,Pay bill,1000 Checking,680.00,-6930.00
,06/10/2026,Bill Payment,2151,Startup Accounting Advisors,Startup Accounting Advisors,,Pay bill,1000 Checking,1500.00,-5430.00
,06/18/2026,Bill,2152,Wilson & Gray LLP,Wilson & Gray LLP,,Professional services,6400 Professional Services,-2600.00,-8030.00
,07/03/2026,Bill,2165,Amazon Web Services,Amazon Web Services,,Cloud infrastructure,5000 Hosting & Infrastructure,-2950.00,-10980.00
,07/03/2026,Bill,2167,Cloudflare,Cloudflare,,Cloud infrastructure,5000 Hosting & Infrastructure,-400.00,-11380.00
,07/03/2026,Bill,2169,Datadog,Datadog,,Cloud infrastructure,5000 Hosting & Infrastructure,-680.00,-12060.00
,07/05/2026,Bill,2181,Startup Accounting Advisors,Startup Accounting Advisors,,Professional services,6400 Professional Services,-1500.00,-13560.00
,07/10/2026,Bill Payment,2166,Amazon Web Services,Amazon Web Services,,Pay bill,1000 Checking,2850.00,-10710.00
,07/10/2026,Bill Payment,2168,Cloudflare,Cloudflare,,Pay bill,1000 Checking,400.00,-10310.00
,07/10/2026,Bill Payment,2170,Datadog,Datadog,,Pay bill,1000 Checking,680.00,-9630.00
,07/10/2026,Bill Payment,2182,Startup Accounting Advisors,Startup Accounting Advisors,,Pay bill,1000 Checking,1500.00,-8130.00
,07/10/2026,Bill Payment,2183,Wilson & Gray LLP,Wilson & Gray LLP,,Pay bill,1000 Checking,2600.00,-5530.00
,08/03/2026,Bill,2195,Amazon Web Services,Amazon Web Services,,Cloud infrastructure,5000 Hosting & Infrastructure,-3053.00,-8583.00
,08/03/2026,Bill,2197,Cloudflare,Cloudflare,,Cloud infrastructure,5000 Hosting & Infrastructure,-400.00,-8983.00
,08/03/2026,Bill,2199,Datadog,Datadog,,Cloud infrastructure,5000 Hosting & Infrastructure,-680.00,-9663.00
,08/05/2026,Bill,2211,Startup Accounting Advisors,Startup Accounting Advisors,,Professional services,6400 Professional Services,-1500.00,-11163.00
,08/10/2026,Bill Payment,2196,Amazon Web Services,Amazon Web Services,,Pay bill,1000 Checking,2950.00,-8213.00
,08/10/2026,Bill Payment,2198,Cloudflare,Cloudflare,,Pay bill,1000 Checking,400.00,-7813.00
,08/10/2026,Bill Payment,2200,Datadog,Datadog,,Pay bill,1000 Checking,680.00,-7133.00
,08/10/2026,Bill Payment,2212,Startup Accounting Advisors,Startup Accounting Advisors,,Pay bill,1000 Checking,1500.00,-5633.00
,09/03/2026,Bill,2225,Amazon Web Services,Amazon Web Services,,Cloud infrastructure,5000 Hosting & Infrastructure,-3160.00,-8793.00
,09/03/2026,Bill,2227,Cloudflare,Cloudflare,,Cloud infrastructure,5000 Hosting & Infrastructure,-400.00,-9193.00
,09/03/2026,Bill,2229,Datadog,Datadog,,Cloud infrastructure,5000 Hosting & Infrastructure,-680.00,-9873.00
,09/05/2026,Bill,2242,Startup Accounting Advisors,Startup Accounting Advisors,,Professional services,6400 Professional Services,-1500.00,-11373.00
,09/10/2026,Bill Payment,2226,Amazon Web Services,Amazon Web Services,,Pay bill,1000 Checking,3053.00,-8320.00
,09/10/2026,Bill Payment,2228,Cloudflare,Cloudflare,,Pay bill,1000 Checking,400.00,-7920.00
,09/10/2026,Bill Payment,2230,Datadog,Datadog,,Pay bill,1000 Checking,680.00,-7240.00
,09/10/2026,Bill Payment,2243,Startup Accounting Advisors,Startup Accounting Advisors,,Pay bill,1000 Checking,1500.00,-5740.00
,09/18/2026,Bill,2244,Wilson & Gray LLP,Wilson & Gray LLP,,Professional services,6400 Professional Services,-2600.00,-8340.00
,10/03/2026,Bill,2257,Amazon Web Services,Amazon Web Services,,Cloud infrastructure,5000 Hosting & Infrastructure,-3271.00,-11611.00
,10/03/2026,Bill,2259,Cloudflare,Cloudflare,,Cloud infrastructure,5000 Hosting & Infrastructure,-400.00,-12011.00
,10/03/2026,Bill,2261,Datadog,Datadog,,Cloud infrastructure,5000 Hosting & Infrastructure,-680.00,-12691.00
,10/05/2026,Bill,2274,Startup Accounting Advisors,Startup Accounting Advisors,,Professional services,6400 Professional Services,-1500.00,-14191.00
,10/10/2026,Bill Payment,2258,Amazon Web Services,Amazon Web Services,,Pay bill,1000 Checking,3160.00,-11031.00
,10/10/2026,Bill Payment,2260,Cloudflare,Cloudflare,,Pay bill,1000 Checking,400.00,-10631.00
,10/10/2026,Bill Payment,2262,Datadog,Datadog,,Pay bill,1000 Checking,680.00,-9951.00
,10/10/2026,Bill Payment,2275,Startup Accounting Advisors,Startup Accounting Advisors,,Pay bill,1000 Checking,1500.00,-8451.00
,10/10/2026,Bill Payment,2276,Wilson & Gray LLP,Wilson & Gray LLP,,Pay bill,1000 Checking,2600.00,-5851.00
,11/03/2026,Bill,2291,Amazon Web Services,Amazon Web Services,,Cloud infrastructure,5000 Hosting & Infrastructure,-3385.00,-9236.00
,11/03/2026,Bill,2293,Cloudflare,Cloudflare,,Cloud infrastructure,5000 Hosting & Infrastructure,-400.00,-9636.00
,11/03/2026,Bill,2295,Datadog,Datadog,,Cloud infrastructure,5000 Hosting & Infrastructure,-680.00,-10316.00
,11/05/2026,Bill,2308,Startup Accounting Advisors,Startup Accounting Advisors,,Professional services,6400 Professional Services,-1500.00,-11816.00
,11/10/2026,Bill Payment,2292,Amazon Web Services,Amazon Web Services,,Pay bill,1000 Checking,3271.00,-8545.00
,11/10/2026,Bill Payment,2294,Cloudflare,Cloudflare,,Pay bill,1000 Checking,400.00,-8145.00
,11/10/2026,Bill Payment,2296,Datadog,Datadog,,Pay bill,1000 Checking,680.00,-7465.00
,11/10/2026,Bill Payment,2309,Startup Accounting Advisors,Startup Accounting Advisors,,Pay bill,1000 Checking,1500.00,-5965.00
,12/03/2026,Bill,2321,Amazon Web Services,Amazon Web Services,,Cloud infrastructure,5000 Hosting & Infrastructure,-3504.00,-9469.00
,12/03/2026,Bill,2323,Cloudflare,Cloudflare,,Cloud infrastructure,5000 Hosting & Infrastructure,-400.00,-9869.00
,12/03/2026,Bill,2325,Datadog,Datadog,,Cloud infrastructure,5000 Hosting & Infrastructure,-680.00,-10549.00
,12/05/2026,Bill,2338,Startup Accounting Advisors,Startup Accounting Advisors,,Professional services,6400 Professional Services,-1500.00,-12049.00
,12/10/2026,Bill Payment,2322,Amazon Web Services,Amazon Web Services,,Pay bill,1000 Checking,3385.00,-8664.00
,12/10/2026,Bill Payment,2324,Cloudflare,Cloudflare,,Pay bill,1000 Checking,400.00,-8264.00
,12/10/2026,Bill Payment,2326,Datadog,Datadog,,Pay bill,1000 Checking,680.00,-7584.00
,12/10/2026,Bill Payment,2339,Startup Accounting Advisors,Startup Accounting Advisors,,Pay bill,1000 Checking,1500.00,-6084.00
,12/18/2026,Bill,2340,Wilson & Gray LLP,Wilson & Gray LLP,,Professional services,6400 Professional Services,-2600.00,-8684.00
Total for 2000 Accounts Payable,,,,,,,,,-8684.00,-8684.00
2100 Credit Card,,,,,,,,,,
,01/08/2026,Credit Card Charge,2012,Slack,Slack,,SaaS subscription,6300 Software Subscriptions,-340.00,-340.00
,01/08/2026,Credit Card Charge,2013,Notion,Notion,,SaaS subscription,6300 Software Subscriptions,-190.00,-530.00
,01/08/2026,Credit Card Charge,2014,GitHub,GitHub,,SaaS subscription,6300 Software Subscriptions,-260.00,-790.00
,01/12/2026,Credit Card Charge,2010,Google Ads,Google Ads,,Advertising,6200 Advertising & Marketing,-1800.00,-2590.00
,01/14/2026,Credit Card Charge,2011,Meta Ads,Meta Ads,,Advertising,6200 Advertising & Marketing,-900.00,-3490.00
,02/06/2026,Credit Card Payment,2039,Chase,Chase,,Pay card balance in full,1000 Checking,3490.00,0.00
,02/08/2026,Credit Card Charge,2033,Slack,Slack,,SaaS subscription,6300 Software Subscriptions,-340.00,-340.00
,02/08/2026,Credit Card Charge,2034,Notion,Notion,,SaaS subscription,6300 Software Subscriptions,-190.00,-530.00
,02/08/2026,Credit Card Charge,2035,GitHub,GitHub,,SaaS subscription,6300 Software Subscriptions,-260.00,-790.00
,02/12/2026,Credit Card Charge,2031,Google Ads,Google Ads,,Advertising,6200 Advertising & Marketing,-1908.00,-2698.00
,02/14/2026,Credit Card Charge,2032,Meta Ads,Meta Ads,,Advertising,6200 Advertising & Marketing,-850.00,-3548.00
,03/06/2026,Credit Card Payment,2067,Chase,Chase,,Pay card balance in full,1000 Checking,3548.00,0.00
,03/08/2026,Credit Card Charge,2058,Slack,Slack,,SaaS subscription,6300 Software Subscriptions,-340.00,-340.00
,03/08/2026,Credit Card Charge,2059,Notion,Notion,,SaaS subscription,6300 Software Subscriptions,-190.00,-530.00
,03/08/2026,Credit Card Charge,2060,GitHub,GitHub,,SaaS subscription,6300 Software Subscriptions,-260.00,-790.00
,03/12/2026,Credit Card Charge,2056,Google Ads,Google Ads,,Advertising,6200 Advertising & Marketing,-2022.00,-2812.00
,03/14/2026,Credit Card Charge,2057,Meta Ads,Meta Ads,,Advertising,6200 Advertising & Marketing,-1600.00,-4412.00
,03/21/2026,Credit Card Charge,2064,Delta Air Lines,Delta Air Lines,,Business travel,6500 Travel & Meals,-1240.00,-5652.00
,03/22/2026,Credit Card Charge,2065,Marriott,Marriott,,Business travel,6500 Travel & Meals,-920.00,-6572.00
,04/06/2026,Credit Card Payment,2096,Chase,Chase,,Pay card balance in full,1000 Checking,6572.00,0.00
,04/08/2026,Credit Card Charge,2088,Slack,Slack,,SaaS subscription,6300 Software Subscriptions,-340.00,-340.00
,04/08/2026,Credit Card Charge,2089,Notion,Notion,,SaaS subscription,6300 Software Subscriptions,-190.00,-530.00
,04/08/2026,Credit Card Charge,2090,GitHub,GitHub,,SaaS subscription,6300 Software Subscriptions,-260.00,-790.00
,04/08/2026,Credit Card Charge,2091,Figma,Figma,,SaaS subscription,6300 Software Subscriptions,-240.00,-1030.00
,04/12/2026,Credit Card Charge,2086,Google Ads,Google Ads,,Advertising,6200 Advertising & Marketing,-2144.00,-3174.00
,04/14/2026,Credit Card Charge,2087,Meta Ads,Meta Ads,,Advertising,6200 Advertising & Marketing,-1200.00,-4374.00
,05/06/2026,Credit Card Payment,2125,Chase,Chase,,Pay card balance in full,1000 Checking,4374.00,0.00
,05/08/2026,Credit Card Charge,2118,Slack,Slack,,SaaS subscription,6300 Software Subscriptions,-340.00,-340.00
,05/08/2026,Credit Card Charge,2119,Notion,Notion,,SaaS subscription,6300 Software Subscriptions,-190.00,-530.00
,05/08/2026,Credit Card Charge,2120,GitHub,GitHub,,SaaS subscription,6300 Software Subscriptions,-260.00,-790.00
,05/08/2026,Credit Card Charge,2121,Figma,Figma,,SaaS subscription,6300 Software Subscriptions,-240.00,-1030.00
,05/12/2026,Credit Card Charge,2116,Google Ads,Google Ads,,Advertising,6200 Advertising & Marketing,-2272.00,-3302.00
,05/14/2026,Credit Card Charge,2117,Meta Ads,Meta Ads,,Advertising,6200 Advertising & Marketing,-950.00,-4252.00
,06/06/2026,Credit Card Payment,2156,Chase,Chase,,Pay card balance in full,1000 Checking,4252.00,0.00
,06/08/2026,Credit Card Charge,2146,Slack,Slack,,SaaS subscription,6300 Software Subscriptions,-340.00,-340.00
,06/08/2026,Credit Card Charge,2147,Notion,Notion,,SaaS subscription,6300 Software Subscriptions,-190.00,-530.00
,06/08/2026,Credit Card Charge,2148,GitHub,GitHub,,SaaS subscription,6300 Software Subscriptions,-260.00,-790.00
,06/08/2026,Credit Card Charge,2149,Figma,Figma,,SaaS subscription,6300 Software Subscriptions,-240.00,-1030.00
,06/12/2026,Credit Card Charge,2144,Google Ads,Google Ads,,Advertising,6200 Advertising & Marketing,-2409.00,-3439.00
,06/14/2026,Credit Card Charge,2145,Meta Ads,Meta Ads,,Advertising,6200 Advertising & Marketing,-1000.00,-4439.00
,06/21/2026,Credit Card Charge,2153,Delta Air Lines,Delta Air Lines,,Business travel,6500 Travel & Meals,-980.00,-5419.00
,06/22/2026,Credit Card Charge,2154,Marriott,Marriott,,Business travel,6500 Travel & Meals,-780.00,-6199.00
,07/06/2026,Credit Card Payment,2185,Chase,Chase,,Pay card balance in full,1000 Checking,6199.00,0.00
,07/08/2026,Credit Card Charge,2177,Slack,Slack,,SaaS subscription,6300 Software Subscriptions,-340.00,-340.00
,07/08/2026,Credit Card Charge,2178,Notion,Notion,,SaaS subscription,6300 Software Subscriptions,-190.00,-530.00
,07/08/2026,Credit Card Charge,2179,GitHub,GitHub,,SaaS subscription,6300 Software Subscriptions,-260.00,-790.00
,07/08/2026,Credit Card Charge,2180,Figma,Figma,,SaaS subscription,6300 Software Subscriptions,-240.00,-1030.00
,07/12/2026,Credit Card Charge,2174,Google Ads,Google Ads,,Advertising,6200 Advertising & Marketing,-2553.00,-3583.00
,07/14/2026,Credit Card Charge,2175,Meta Ads,Meta Ads,,Advertising,6200 Advertising & Marketing,-1500.00,-5083.00
,07/16/2026,Credit Card Charge,2176,LinkedIn Ads,LinkedIn Ads,,Advertising,6200 Advertising & Marketing,-1250.00,-6333.00
,08/06/2026,Credit Card Payment,2214,Chase,Chase,,Pay card balance in full,1000 Checking,6333.00,0.00
,08/08/2026,Credit Card Charge,2207,Slack,Slack,,SaaS subscription,6300 Software Subscriptions,-340.00,-340.00
,08/08/2026,Credit Card Charge,2208,Notion,Notion,,SaaS subscription,6300 Software Subscriptions,-190.00,-530.00
,08/08/2026,Credit Card Charge,2209,GitHub,GitHub,,SaaS subscription,6300 Software Subscriptions,-260.00,-790.00
,08/08/2026,Credit Card Charge,2210,Figma,Figma,,SaaS subscription,6300 Software Subscriptions,-240.00,-1030.00
,08/12/2026,Credit Card Charge,2204,Google Ads,Google Ads,,Advertising,6200 Advertising & Marketing,-2707.00,-3737.00
,08/14/2026,Credit Card Charge,2205,Meta Ads,Meta Ads,,Advertising,6200 Advertising & Marketing,-1400.00,-5137.00
,08/16/2026,Credit Card Charge,2206,LinkedIn Ads,LinkedIn Ads,,Advertising,6200 Advertising & Marketing,-1250.00,-6387.00
,09/06/2026,Credit Card Payment,2246,Chase,Chase,,Pay card balance in full,1000 Checking,6387.00,0.00
,09/08/2026,Credit Card Charge,2237,Slack,Slack,,SaaS subscription,6300 Software Subscriptions,-340.00,-340.00
,09/08/2026,Credit Card Charge,2238,Notion,Notion,,SaaS subscription,6300 Software Subscriptions,-190.00,-530.00
,09/08/2026,Credit Card Charge,2239,GitHub,GitHub,,SaaS subscription,6300 Software Subscriptions,-260.00,-790.00
,09/08/2026,Credit Card Charge,2240,Figma,Figma,,SaaS subscription,6300 Software Subscriptions,-240.00,-1030.00
,09/09/2026,Credit Card Charge,2241,Salesforce,Salesforce,,SaaS subscription,6300 Software Subscriptions,-1550.00,-2580.00
,09/12/2026,Credit Card Charge,2234,Google Ads,Google Ads,,Advertising,6200 Advertising & Marketing,-2869.00,-5449.00
,09/14/2026,Credit Card Charge,2235,Meta Ads,Meta Ads,,Advertising,6200 Advertising & Marketing,-1100.00,-6549.00
,09/16/2026,Credit Card Charge,2236,LinkedIn Ads,LinkedIn Ads,,Advertising,6200 Advertising & Marketing,-1250.00,-7799.00
,10/06/2026,Credit Card Payment,2280,Chase,Chase,,Pay card balance in full,1000 Checking,7799.00,0.00
,10/08/2026,Credit Card Charge,2269,Slack,Slack,,SaaS subscription,6300 Software Subscriptions,-340.00,-340.00
,10/08/2026,Credit Card Charge,2270,Notion,Notion,,SaaS subscription,6300 Software Subscriptions,-190.00,-530.00
,10/08/2026,Credit Card Charge,2271,GitHub,GitHub,,SaaS subscription,6300 Software Subscriptions,-260.00,-790.00
,10/08/2026,Credit Card Charge,2272,Figma,Figma,,SaaS subscription,6300 Software Subscriptions,-240.00,-1030.00
,10/09/2026,Credit Card Charge,2273,Salesforce,Salesforce,,SaaS subscription,6300 Software Subscriptions,-1550.00,-2580.00
,10/12/2026,Credit Card Charge,2266,Google Ads,Google Ads,,Advertising,6200 Advertising & Marketing,-3041.00,-5621.00
,10/14/2026,Credit Card Charge,2267,Meta Ads,Meta Ads,,Advertising,6200 Advertising & Marketing,-1900.00,-7521.00
,10/16/2026,Credit Card Charge,2268,LinkedIn Ads,LinkedIn Ads,,Advertising,6200 Advertising & Marketing,-1250.00,-8771.00
,10/21/2026,Credit Card Charge,2277,Delta Air Lines,Delta Air Lines,,Business travel,6500 Travel & Meals,-1460.00,-10231.00
,10/22/2026,Credit Card Charge,2278,Marriott,Marriott,,Business travel,6500 Travel & Meals,-1150.00,-11381.00
,11/06/2026,Credit Card Payment,2311,Chase,Chase,,Pay card balance in full,1000 Checking,11381.00,0.00
,11/08/2026,Credit Card Charge,2303,Slack,Slack,,SaaS subscription,6300 Software Subscriptions,-340.00,-340.00
,11/08/2026,Credit Card Charge,2304,Notion,Notion,,SaaS subscription,6300 Software Subscriptions,-190.00,-530.00
,11/08/2026,Credit Card Charge,2305,GitHub,GitHub,,SaaS subscription,6300 Software Subscriptions,-260.00,-790.00
,11/08/2026,Credit Card Charge,2306,Figma,Figma,,SaaS subscription,6300 Software Subscriptions,-240.00,-1030.00
,11/09/2026,Credit Card Charge,2307,Salesforce,Salesforce,,SaaS subscription,6300 Software Subscriptions,-1550.00,-2580.00
,11/12/2026,Credit Card Charge,2300,Google Ads,Google Ads,,Advertising,6200 Advertising & Marketing,-3224.00,-5804.00
,11/14/2026,Credit Card Charge,2301,Meta Ads,Meta Ads,,Advertising,6200 Advertising & Marketing,-2400.00,-8204.00
,11/16/2026,Credit Card Charge,2302,LinkedIn Ads,LinkedIn Ads,,Advertising,6200 Advertising & Marketing,-1250.00,-9454.00
,12/06/2026,Credit Card Payment,2342,Chase,Chase,,Pay card balance in full,1000 Checking,9454.00,0.00
,12/08/2026,Credit Card Charge,2333,Slack,Slack,,SaaS subscription,6300 Software Subscriptions,-340.00,-340.00
,12/08/2026,Credit Card Charge,2334,Notion,Notion,,SaaS subscription,6300 Software Subscriptions,-190.00,-530.00
,12/08/2026,Credit Card Charge,2335,GitHub,GitHub,,SaaS subscription,6300 Software Subscriptions,-260.00,-790.00
,12/08/2026,Credit Card Charge,2336,Figma,Figma,,SaaS subscription,6300 Software Subscriptions,-240.00,-1030.00
,12/09/2026,Credit Card Charge,2337,Salesforce,Salesforce,,SaaS subscription,6300 Software Subscriptions,-1550.00,-2580.00
,12/12/2026,Credit Card Charge,2330,Google Ads,Google Ads,,Advertising,6200 Advertising & Marketing,-3417.00,-5997.00
,12/14/2026,Credit Card Charge,2331,Meta Ads,Meta Ads,,Advertising,6200 Advertising & Marketing,-1300.00,-7297.00
,12/16/2026,Credit Card Charge,2332,LinkedIn Ads,LinkedIn Ads,,Advertising,6200 Advertising & Marketing,-1250.00,-8547.00
Total for 2100 Credit Card,,,,,,,,,-8547.00,-8547.00
3000 Owners Equity,,,,,,,,,,
,01/02/2026,Deposit,2001,Owner,,,Opening capital,1000 Checking,-100000.00,-100000.00
Total for 3000 Owners Equity,,,,,,,,,-100000.00,-100000.00
4000 Subscription Revenue,,,,,,,,,,
,01/04/2026,Invoice,2002,Acme Corp,,Acme Corp,Monthly billing,1200 Accounts Receivable,-9800.00,-9800.00
,01/04/2026,Invoice,2003,Globex Inc,,Globex Inc,Monthly billing,1200 Accounts Receivable,-6400.00,-16200.00
,02/04/2026,Invoice,2018,Acme Corp,,Acme Corp,Monthly billing,1200 Accounts Receivable,-10045.00,-26245.00
,02/04/2026,Invoice,2020,Globex Inc,,Globex Inc,Monthly billing,1200 Accounts Receivable,-6400.00,-32645.00
,03/04/2026,Invoice,2041,Acme Corp,,Acme Corp,Monthly billing,1200 Accounts Receivable,-10296.00,-42941.00
,03/04/2026,Invoice,2043,Globex Inc,,Globex Inc,Monthly billing,1200 Accounts Receivable,-6400.00,-49341.00
,03/04/2026,Invoice,2045,Initech LLC,,Initech LLC,Monthly billing,1200 Accounts Receivable,-4900.00,-54241.00
,04/04/2026,Invoice,2069,Acme Corp,,Acme Corp,Monthly billing,1200 Accounts Receivable,-10554.00,-64795.00
,04/04/2026,Invoice,2071,Globex Inc,,Globex Inc,Monthly billing,1200 Accounts Receivable,-6400.00,-71195.00
,04/04/2026,Invoice,2073,Initech LLC,,Initech LLC,Monthly billing,1200 Accounts Receivable,-4900.00,-76095.00
,05/04/2026,Invoice,2098,Acme Corp,,Acme Corp,Monthly billing,1200 Accounts Receivable,-10817.00,-86912.00
,05/04/2026,Invoice,2100,Globex Inc,,Globex Inc,Monthly billing,1200 Accounts Receivable,-6400.00,-93312.00
,05/04/2026,Invoice,2102,Initech LLC,,Initech LLC,Monthly billing,1200 Accounts Receivable,-4900.00,-98212.00
,06/04/2026,Invoice,2127,Acme Corp,,Acme Corp,Monthly billing,1200 Accounts Receivable,-11088.00,-109300.00
,06/04/2026,Invoice,2129,Globex Inc,,Globex Inc,Monthly billing,1200 Accounts Receivable,-6400.00,-115700.00
,06/04/2026,Invoice,2131,Initech LLC,,Initech LLC,Monthly billing,1200 Accounts Receivable,-4900.00,-120600.00
,07/04/2026,Invoice,2158,Acme Corp,,Acme Corp,Monthly billing,1200 Accounts Receivable,-11365.00,-131965.00
,07/04/2026,Invoice,2160,Globex Inc,,Globex Inc,Monthly billing,1200 Accounts Receivable,-6400.00,-138365.00
,07/04/2026,Invoice,2162,Initech LLC,,Initech LLC,Monthly billing,1200 Accounts Receivable,-4900.00,-143265.00
,08/04/2026,Invoice,2187,Acme Corp,,Acme Corp,Monthly billing,1200 Accounts Receivable,-11649.00,-154914.00
,08/04/2026,Invoice,2189,Globex Inc,,Globex Inc,Monthly billing,1200 Accounts Receivable,-6400.00,-161314.00
,08/04/2026,Invoice,2191,Initech LLC,,Initech LLC,Monthly billing,1200 Accounts Receivable,-4900.00,-166214.00
,09/04/2026,Invoice,2216,Acme Corp,,Acme Corp,Monthly billing,1200 Accounts Receivable,-11940.00,-178154.00
,09/04/2026,Invoice,2218,Globex Inc,,Globex Inc,Monthly billing,1200 Accounts Receivable,-6400.00,-184554.00
,09/04/2026,Invoice,2220,Initech LLC,,Initech LLC,Monthly billing,1200 Accounts Receivable,-4900.00,-189454.00
,10/04/2026,Invoice,2248,Acme Corp,,Acme Corp,Monthly billing,1200 Accounts Receivable,-12239.00,-201693.00
,10/04/2026,Invoice,2250,Globex Inc,,Globex Inc,Monthly billing,1200 Accounts Receivable,-6400.00,-208093.00
,10/04/2026,Invoice,2252,Initech LLC,,Initech LLC,Monthly billing,1200 Accounts Receivable,-4900.00,-212993.00
,11/04/2026,Invoice,2282,Acme Corp,,Acme Corp,Monthly billing,1200 Accounts Receivable,-12545.00,-225538.00
,11/04/2026,Invoice,2284,Globex Inc,,Globex Inc,Monthly billing,1200 Accounts Receivable,-6400.00,-231938.00
,11/04/2026,Invoice,2286,Initech LLC,,Initech LLC,Monthly billing,1200 Accounts Receivable,-4900.00,-236838.00
,12/04/2026,Invoice,2313,Acme Corp,,Acme Corp,Monthly billing,1200 Accounts Receivable,-12858.00,-249696.00
,12/04/2026,Invoice,2315,Globex Inc,,Globex Inc,Monthly billing,1200 Accounts Receivable,-6400.00,-256096.00
,12/04/2026,Invoice,2317,Initech LLC,,Initech LLC,Monthly billing,1200 Accounts Receivable,-4900.00,-260996.00
Total for 4000 Subscription Revenue,,,,,,,,,-260996.00,-260996.00
4100 Professional Services Revenue,,,,,,,,,,
,02/04/2026,Invoice,2022,Stark Industries,,Stark Industries,Monthly billing,1200 Accounts Receivable,-9000.00,-9000.00
,03/04/2026,Invoice,2046,Stark Industries,,Stark Industries,Monthly billing,1200 Accounts Receivable,-9000.00,-18000.00
,04/04/2026,Invoice,2075,Stark Industries,,Stark Industries,Monthly billing,1200 Accounts Receivable,-9000.00,-27000.00
,05/04/2026,Invoice,2104,Stark Industries,,Stark Industries,Monthly billing,1200 Accounts Receivable,-9000.00,-36000.00
,08/04/2026,Invoice,2193,Wayne Enterprises,,Wayne Enterprises,Monthly billing,1200 Accounts Receivable,-12000.00,-48000.00
,09/04/2026,Invoice,2222,Wayne Enterprises,,Wayne Enterprises,Monthly billing,1200 Accounts Receivable,-12000.00,-60000.00
,10/04/2026,Invoice,2254,Wayne Enterprises,,Wayne Enterprises,Monthly billing,1200 Accounts Receivable,-12000.00,-72000.00
,11/04/2026,Invoice,2288,Wayne Enterprises,,Wayne Enterprises,Monthly billing,1200 Accounts Receivable,-12000.00,-84000.00
Total for 4100 Professional Services Revenue,,,,,,,,,-84000.00,-84000.00
5000 Hosting & Infrastructure,,,,,,,,,,
,01/03/2026,Bill,2005,Amazon Web Services,Amazon Web Services,,Cloud infrastructure,2000 Accounts Payable,2400.00,2400.00
,01/03/2026,Bill,2006,Cloudflare,Cloudflare,,Cloud infrastructure,2000 Accounts Payable,400.00,2800.00
,02/03/2026,Bill,2024,Amazon Web Services,Amazon Web Services,,Cloud infrastructure,2000 Accounts Payable,2484.00,5284.00
,02/03/2026,Bill,2026,Cloudflare,Cloudflare,,Cloud infrastructure,2000 Accounts Payable,400.00,5684.00
,03/03/2026,Bill,2049,Amazon Web Services,Amazon Web Services,,Cloud infrastructure,2000 Accounts Payable,2571.00,8255.00
,03/03/2026,Bill,2051,Cloudflare,Cloudflare,,Cloud infrastructure,2000 Accounts Payable,400.00,8655.00
,04/03/2026,Bill,2078,Amazon Web Services,Amazon Web Services,,Cloud infrastructure,2000 Accounts Payable,2661.00,11316.00
,04/03/2026,Bill,2080,Cloudflare,Cloudflare,,Cloud infrastructure,2000 Accounts Payable,400.00,11716.00
,04/03/2026,Bill,2082,Datadog,Datadog,,Cloud infrastructure,2000 Accounts Payable,680.00,12396.00
,05/03/2026,Bill,2107,Amazon Web Services,Amazon Web Services,,Cloud infrastructure,2000 Accounts Payable,2754.00,15150.00
,05/03/2026,Bill,2109,Cloudflare,Cloudflare,,Cloud infrastructure,2000 Accounts Payable,400.00,15550.00
,05/03/2026,Bill,2111,Datadog,Datadog,,Cloud infrastructure,2000 Accounts Payable,680.00,16230.00
,06/03/2026,Bill,2135,Amazon Web Services,Amazon Web Services,,Cloud infrastructure,2000 Accounts Payable,2850.00,19080.00
,06/03/2026,Bill,2137,Cloudflare,Cloudflare,,Cloud infrastructure,2000 Accounts Payable,400.00,19480.00
,06/03/2026,Bill,2139,Datadog,Datadog,,Cloud infrastructure,2000 Accounts Payable,680.00,20160.00
,07/03/2026,Bill,2165,Amazon Web Services,Amazon Web Services,,Cloud infrastructure,2000 Accounts Payable,2950.00,23110.00
,07/03/2026,Bill,2167,Cloudflare,Cloudflare,,Cloud infrastructure,2000 Accounts Payable,400.00,23510.00
,07/03/2026,Bill,2169,Datadog,Datadog,,Cloud infrastructure,2000 Accounts Payable,680.00,24190.00
,08/03/2026,Bill,2195,Amazon Web Services,Amazon Web Services,,Cloud infrastructure,2000 Accounts Payable,3053.00,27243.00
,08/03/2026,Bill,2197,Cloudflare,Cloudflare,,Cloud infrastructure,2000 Accounts Payable,400.00,27643.00
,08/03/2026,Bill,2199,Datadog,Datadog,,Cloud infrastructure,2000 Accounts Payable,680.00,28323.00
,09/03/2026,Bill,2225,Amazon Web Services,Amazon Web Services,,Cloud infrastructure,2000 Accounts Payable,3160.00,31483.00
,09/03/2026,Bill,2227,Cloudflare,Cloudflare,,Cloud infrastructure,2000 Accounts Payable,400.00,31883.00
,09/03/2026,Bill,2229,Datadog,Datadog,,Cloud infrastructure,2000 Accounts Payable,680.00,32563.00
,10/03/2026,Bill,2257,Amazon Web Services,Amazon Web Services,,Cloud infrastructure,2000 Accounts Payable,3271.00,35834.00
,10/03/2026,Bill,2259,Cloudflare,Cloudflare,,Cloud infrastructure,2000 Accounts Payable,400.00,36234.00
,10/03/2026,Bill,2261,Datadog,Datadog,,Cloud infrastructure,2000 Accounts Payable,680.00,36914.00
,11/03/2026,Bill,2291,Amazon Web Services,Amazon Web Services,,Cloud infrastructure,2000 Accounts Payable,3385.00,40299.00
,11/03/2026,Bill,2293,Cloudflare,Cloudflare,,Cloud infrastructure,2000 Accounts Payable,400.00,40699.00
,11/03/2026,Bill,2295,Datadog,Datadog,,Cloud infrastructure,2000 Accounts Payable,680.00,41379.00
,12/03/2026,Bill,2321,Amazon Web Services,Amazon Web Services,,Cloud infrastructure,2000 Accounts Payable,3504.00,44883.00
,12/03/2026,Bill,2323,Cloudflare,Cloudflare,,Cloud infrastructure,2000 Accounts Payable,400.00,45283.00
,12/03/2026,Bill,2325,Datadog,Datadog,,Cloud infrastructure,2000 Accounts Payable,680.00,45963.00
Total for 5000 Hosting & Infrastructure,,,,,,,,,45963.00,45963.00
5100 Merchant Processing Fees,,,,,,,,,,
,01/26/2026,Expense,2004,Stripe,Stripe,,Payment processing fees,1000 Checking,470.00,470.00
,02/26/2026,Expense,2023,Stripe,Stripe,,Payment processing fees,1000 Checking,738.00,1208.00
,03/26/2026,Expense,2048,Stripe,Stripe,,Payment processing fees,1000 Checking,887.00,2095.00
,04/26/2026,Expense,2077,Stripe,Stripe,,Payment processing fees,1000 Checking,895.00,2990.00
,05/26/2026,Expense,2106,Stripe,Stripe,,Payment processing fees,1000 Checking,902.00,3892.00
,06/26/2026,Expense,2134,Stripe,Stripe,,Payment processing fees,1000 Checking,649.00,4541.00
,07/26/2026,Expense,2164,Stripe,Stripe,,Payment processing fees,1000 Checking,657.00,5198.00
,08/26/2026,Expense,2194,Stripe,Stripe,,Payment processing fees,1000 Checking,1014.00,6212.00
,09/26/2026,Expense,2224,Stripe,Stripe,,Payment processing fees,1000 Checking,1022.00,7234.00
,10/26/2026,Expense,2256,Stripe,Stripe,,Payment processing fees,1000 Checking,1031.00,8265.00
,11/26/2026,Expense,2290,Stripe,Stripe,,Payment processing fees,1000 Checking,1040.00,9305.00
,12/26/2026,Expense,2320,Stripe,Stripe,,Payment processing fees,1000 Checking,701.00,10006.00
Total for 5100 Merchant Processing Fees,,,,,,,,,10006.00,10006.00
6000 Payroll & Benefits,,,,,,,,,,
,01/01/2026,Check,2008,Blue Shield of CA,Blue Shield of CA,,Payroll and benefits,1000 Checking,980.00,980.00
,01/15/2026,Check,2007,Gusto,Gusto,,Payroll and benefits,1000 Checking,12500.00,13480.00
,02/01/2026,Check,2029,Blue Shield of CA,Blue Shield of CA,,Payroll and benefits,1000 Checking,980.00,14460.00
,02/15/2026,Check,2028,Gusto,Gusto,,Payroll and benefits,1000 Checking,12500.00,26960.00
,03/01/2026,Check,2054,Blue Shield of CA,Blue Shield of CA,,Payroll and benefits,1000 Checking,980.00,27940.00
,03/15/2026,Check,2053,Gusto,Gusto,,Payroll and benefits,1000 Checking,12500.00,40440.00
,04/01/2026,Check,2084,Blue Shield of CA,Blue Shield of CA,,Payroll and benefits,1000 Checking,980.00,41420.00
,04/15/2026,Check,2083,Gusto,Gusto,,Payroll and benefits,1000 Checking,12500.00,53920.00
,05/01/2026,Check,2114,Blue Shield of CA,Blue Shield of CA,,Payroll and benefits,1000 Checking,980.00,54900.00
,05/15/2026,Check,2113,Gusto,Gusto,,Payroll and benefits,1000 Checking,12500.00,67400.00
,06/01/2026,Check,2142,Blue Shield of CA,Blue Shield of CA,,Payroll and benefits,1000 Checking,980.00,68380.00
,06/15/2026,Check,2141,Gusto,Gusto,,Payroll and benefits,1000 Checking,12500.00,80880.00
,07/01/2026,Check,2172,Blue Shield of CA,Blue Shield of CA,,Payroll and benefits,1000 Checking,980.00,81860.00
,07/15/2026,Check,2171,Gusto,Gusto,,Payroll and benefits,1000 Checking,14500.00,96360.00
,08/01/2026,Check,2202,Blue Shield of CA,Blue Shield of CA,,Payroll and benefits,1000 Checking,980.00,97340.00
,08/15/2026,Check,2201,Gusto,Gusto,,Payroll and benefits,1000 Checking,14500.00,111840.00
,09/01/2026,Check,2232,Blue Shield of CA,Blue Shield of CA,,Payroll and benefits,1000 Checking,980.00,112820.00
,09/15/2026,Check,2231,Gusto,Gusto,,Payroll and benefits,1000 Checking,14500.00,127320.00
,10/01/2026,Check,2264,Blue Shield of CA,Blue Shield of CA,,Payroll and benefits,1000 Checking,980.00,128300.00
,10/15/2026,Check,2263,Gusto,Gusto,,Payroll and benefits,1000 Checking,14500.00,142800.00
,11/01/2026,Check,2298,Blue Shield of CA,Blue Shield of CA,,Payroll and benefits,1000 Checking,980.00,143780.00
,11/15/2026,Check,2297,Gusto,Gusto,,Payroll and benefits,1000 Checking,14500.00,158280.00
,12/01/2026,Check,2328,Blue Shield of CA,Blue Shield of CA,,Payroll and benefits,1000 Checking,980.00,159260.00
,12/15/2026,Check,2327,Gusto,Gusto,,Payroll and benefits,1000 Checking,14500.00,173760.00
Total for 6000 Payroll & Benefits,,,,,,,,,173760.00,173760.00
6100 Rent & Facilities,,,,,,,,,,
,01/01/2026,Check,2009,WeWork,WeWork,,Office rent,1000 Checking,3400.00,3400.00
,02/01/2026,Check,2030,WeWork,WeWork,,Office rent,1000 Checking,3400.00,6800.00
,03/01/2026,Check,2055,WeWork,WeWork,,Office rent,1000 Checking,3400.00,10200.00
,04/01/2026,Check,2085,WeWork,WeWork,,Office rent,1000 Checking,3400.00,13600.00
,05/01/2026,Check,2115,WeWork,WeWork,,Office rent,1000 Checking,3400.00,17000.00
,06/01/2026,Check,2143,WeWork,WeWork,,Office rent,1000 Checking,3400.00,20400.00
,07/01/2026,Check,2173,WeWork,WeWork,,Office rent,1000 Checking,3400.00,23800.00
,08/01/2026,Check,2203,WeWork,WeWork,,Office rent,1000 Checking,3400.00,27200.00
,09/01/2026,Check,2233,WeWork,WeWork,,Office rent,1000 Checking,3400.00,30600.00
,10/01/2026,Check,2265,WeWork,WeWork,,Office rent,1000 Checking,3400.00,34000.00
,11/01/2026,Check,2299,WeWork,WeWork,,Office rent,1000 Checking,3400.00,37400.00
,12/01/2026,Check,2329,WeWork,WeWork,,Office rent,1000 Checking,3400.00,40800.00
Total for 6100 Rent & Facilities,,,,,,,,,40800.00,40800.00
6200 Advertising & Marketing,,,,,,,,,,
,01/12/2026,Credit Card Charge,2010,Google Ads,Google Ads,,Advertising,2100 Credit Card,1800.00,1800.00
,01/14/2026,Credit Card Charge,2011,Meta Ads,Meta Ads,,Advertising,2100 Credit Card,900.00,2700.00
,02/12/2026,Credit Card Charge,2031,Google Ads,Google Ads,,Advertising,2100 Credit Card,1908.00,4608.00
,02/14/2026,Credit Card Charge,2032,Meta Ads,Meta Ads,,Advertising,2100 Credit Card,850.00,5458.00
,03/12/2026,Credit Card Charge,2056,Google Ads,Google Ads,,Advertising,2100 Credit Card,2022.00,7480.00
,03/14/2026,Credit Card Charge,2057,Meta Ads,Meta Ads,,Advertising,2100 Credit Card,1600.00,9080.00
,04/12/2026,Credit Card Charge,2086,Google Ads,Google Ads,,Advertising,2100 Credit Card,2144.00,11224.00
,04/14/2026,Credit Card Charge,2087,Meta Ads,Meta Ads,,Advertising,2100 Credit Card,1200.00,12424.00
,05/12/2026,Credit Card Charge,2116,Google Ads,Google Ads,,Advertising,2100 Credit Card,2272.00,14696.00
,05/14/2026,Credit Card Charge,2117,Meta Ads,Meta Ads,,Advertising,2100 Credit Card,950.00,15646.00
,06/12/2026,Credit Card Charge,2144,Google Ads,Google Ads,,Advertising,2100 Credit Card,2409.00,18055.00
,06/14/2026,Credit Card Charge,2145,Meta Ads,Meta Ads,,Advertising,2100 Credit Card,1000.00,19055.00
,07/12/2026,Credit Card Charge,2174,Google Ads,Google Ads,,Advertising,2100 Credit Card,2553.00,21608.00
,07/14/2026,Credit Card Charge,2175,Meta Ads,Meta Ads,,Advertising,2100 Credit Card,1500.00,23108.00
,07/16/2026,Credit Card Charge,2176,LinkedIn Ads,LinkedIn Ads,,Advertising,2100 Credit Card,1250.00,24358.00
,08/12/2026,Credit Card Charge,2204,Google Ads,Google Ads,,Advertising,2100 Credit Card,2707.00,27065.00
,08/14/2026,Credit Card Charge,2205,Meta Ads,Meta Ads,,Advertising,2100 Credit Card,1400.00,28465.00
,08/16/2026,Credit Card Charge,2206,LinkedIn Ads,LinkedIn Ads,,Advertising,2100 Credit Card,1250.00,29715.00
,09/12/2026,Credit Card Charge,2234,Google Ads,Google Ads,,Advertising,2100 Credit Card,2869.00,32584.00
,09/14/2026,Credit Card Charge,2235,Meta Ads,Meta Ads,,Advertising,2100 Credit Card,1100.00,33684.00
,09/16/2026,Credit Card Charge,2236,LinkedIn Ads,LinkedIn Ads,,Advertising,2100 Credit Card,1250.00,34934.00
,10/12/2026,Credit Card Charge,2266,Google Ads,Google Ads,,Advertising,2100 Credit Card,3041.00,37975.00
,10/14/2026,Credit Card Charge,2267,Meta Ads,Meta Ads,,Advertising,2100 Credit Card,1900.00,39875.00
,10/16/2026,Credit Card Charge,2268,LinkedIn Ads,LinkedIn Ads,,Advertising,2100 Credit Card,1250.00,41125.00
,11/12/2026,Credit Card Charge,2300,Google Ads,Google Ads,,Advertising,2100 Credit Card,3224.00,44349.00
,11/14/2026,Credit Card Charge,2301,Meta Ads,Meta Ads,,Advertising,2100 Credit Card,2400.00,46749.00
,11/16/2026,Credit Card Charge,2302,LinkedIn Ads,LinkedIn Ads,,Advertising,2100 Credit Card,1250.00,47999.00
,12/12/2026,Credit Card Charge,2330,Google Ads,Google Ads,,Advertising,2100 Credit Card,3417.00,51416.00
,12/14/2026,Credit Card Charge,2331,Meta Ads,Meta Ads,,Advertising,2100 Credit Card,1300.00,52716.00
,12/16/2026,Credit Card Charge,2332,LinkedIn Ads,LinkedIn Ads,,Advertising,2100 Credit Card,1250.00,53966.00
Total for 6200 Advertising & Marketing,,,,,,,,,53966.00,53966.00
6300 Software Subscriptions,,,,,,,,,,
,01/08/2026,Credit Card Charge,2012,Slack,Slack,,SaaS subscription,2100 Credit Card,340.00,340.00
,01/08/2026,Credit Card Charge,2013,Notion,Notion,,SaaS subscription,2100 Credit Card,190.00,530.00
,01/08/2026,Credit Card Charge,2014,GitHub,GitHub,,SaaS subscription,2100 Credit Card,260.00,790.00
,02/08/2026,Credit Card Charge,2033,Slack,Slack,,SaaS subscription,2100 Credit Card,340.00,1130.00
,02/08/2026,Credit Card Charge,2034,Notion,Notion,,SaaS subscription,2100 Credit Card,190.00,1320.00
,02/08/2026,Credit Card Charge,2035,GitHub,GitHub,,SaaS subscription,2100 Credit Card,260.00,1580.00
,03/08/2026,Credit Card Charge,2058,Slack,Slack,,SaaS subscription,2100 Credit Card,340.00,1920.00
,03/08/2026,Credit Card Charge,2059,Notion,Notion,,SaaS subscription,2100 Credit Card,190.00,2110.00
,03/08/2026,Credit Card Charge,2060,GitHub,GitHub,,SaaS subscription,2100 Credit Card,260.00,2370.00
,04/08/2026,Credit Card Charge,2088,Slack,Slack,,SaaS subscription,2100 Credit Card,340.00,2710.00
,04/08/2026,Credit Card Charge,2089,Notion,Notion,,SaaS subscription,2100 Credit Card,190.00,2900.00
,04/08/2026,Credit Card Charge,2090,GitHub,GitHub,,SaaS subscription,2100 Credit Card,260.00,3160.00
,04/08/2026,Credit Card Charge,2091,Figma,Figma,,SaaS subscription,2100 Credit Card,240.00,3400.00
,05/08/2026,Credit Card Charge,2118,Slack,Slack,,SaaS subscription,2100 Credit Card,340.00,3740.00
,05/08/2026,Credit Card Charge,2119,Notion,Notion,,SaaS subscription,2100 Credit Card,190.00,3930.00
,05/08/2026,Credit Card Charge,2120,GitHub,GitHub,,SaaS subscription,2100 Credit Card,260.00,4190.00
,05/08/2026,Credit Card Charge,2121,Figma,Figma,,SaaS subscription,2100 Credit Card,240.00,4430.00
,06/08/2026,Credit Card Charge,2146,Slack,Slack,,SaaS subscription,2100 Credit Card,340.00,4770.00
,06/08/2026,Credit Card Charge,2147,Notion,Notion,,SaaS subscription,2100 Credit Card,190.00,4960.00
,06/08/2026,Credit Card Charge,2148,GitHub,GitHub,,SaaS subscription,2100 Credit Card,260.00,5220.00
,06/08/2026,Credit Card Charge,2149,Figma,Figma,,SaaS subscription,2100 Credit Card,240.00,5460.00
,07/08/2026,Credit Card Charge,2177,Slack,Slack,,SaaS subscription,2100 Credit Card,340.00,5800.00
,07/08/2026,Credit Card Charge,2178,Notion,Notion,,SaaS subscription,2100 Credit Card,190.00,5990.00
,07/08/2026,Credit Card Charge,2179,GitHub,GitHub,,SaaS subscription,2100 Credit Card,260.00,6250.00
,07/08/2026,Credit Card Charge,2180,Figma,Figma,,SaaS subscription,2100 Credit Card,240.00,6490.00
,08/08/2026,Credit Card Charge,2207,Slack,Slack,,SaaS subscription,2100 Credit Card,340.00,6830.00
,08/08/2026,Credit Card Charge,2208,Notion,Notion,,SaaS subscription,2100 Credit Card,190.00,7020.00
,08/08/2026,Credit Card Charge,2209,GitHub,GitHub,,SaaS subscription,2100 Credit Card,260.00,7280.00
,08/08/2026,Credit Card Charge,2210,Figma,Figma,,SaaS subscription,2100 Credit Card,240.00,7520.00
,09/08/2026,Credit Card Charge,2237,Slack,Slack,,SaaS subscription,2100 Credit Card,340.00,7860.00
,09/08/2026,Credit Card Charge,2238,Notion,Notion,,SaaS subscription,2100 Credit Card,190.00,8050.00
,09/08/2026,Credit Card Charge,2239,GitHub,GitHub,,SaaS subscription,2100 Credit Card,260.00,8310.00
,09/08/2026,Credit Card Charge,2240,Figma,Figma,,SaaS subscription,2100 Credit Card,240.00,8550.00
,09/09/2026,Credit Card Charge,2241,Salesforce,Salesforce,,SaaS subscription,2100 Credit Card,1550.00,10100.00
,10/08/2026,Credit Card Charge,2269,Slack,Slack,,SaaS subscription,2100 Credit Card,340.00,10440.00
,10/08/2026,Credit Card Charge,2270,Notion,Notion,,SaaS subscription,2100 Credit Card,190.00,10630.00
,10/08/2026,Credit Card Charge,2271,GitHub,GitHub,,SaaS subscription,2100 Credit Card,260.00,10890.00
,10/08/2026,Credit Card Charge,2272,Figma,Figma,,SaaS subscription,2100 Credit Card,240.00,11130.00
,10/09/2026,Credit Card Charge,2273,Salesforce,Salesforce,,SaaS subscription,2100 Credit Card,1550.00,12680.00
,11/08/2026,Credit Card Charge,2303,Slack,Slack,,SaaS subscription,2100 Credit Card,340.00,13020.00
,11/08/2026,Credit Card Charge,2304,Notion,Notion,,SaaS subscription,2100 Credit Card,190.00,13210.00
,11/08/2026,Credit Card Charge,2305,GitHub,GitHub,,SaaS subscription,2100 Credit Card,260.00,13470.00
,11/08/2026,Credit Card Charge,2306,Figma,Figma,,SaaS subscription,2100 Credit Card,240.00,13710.00
,11/09/2026,Credit Card Charge,2307,Salesforce,Salesforce,,SaaS subscription,2100 Credit Card,1550.00,15260.00
,12/08/2026,Credit Card Charge,2333,Slack,Slack,,SaaS subscription,2100 Credit Card,340.00,15600.00
,12/08/2026,Credit Card Charge,2334,Notion,Notion,,SaaS subscription,2100 Credit Card,190.00,15790.00
,12/08/2026,Credit Card Charge,2335,GitHub,GitHub,,SaaS subscription,2100 Credit Card,260.00,16050.00
,12/08/2026,Credit Card Charge,2336,Figma,Figma,,SaaS subscription,2100 Credit Card,240.00,16290.00
,12/09/2026,Credit Card Charge,2337,Salesforce,Salesforce,,SaaS subscription,2100 Credit Card,1550.00,17840.00
Total for 6300 Software Subscriptions,,,,,,,,,17840.00,17840.00
6400 Professional Services,,,,,,,,,,
,01/05/2026,Bill,2015,Startup Accounting Advisors,Startup Accounting Advisors,,Professional services,2000 Accounts Payable,1500.00,1500.00
,02/05/2026,Bill,2036,Startup Accounting Advisors,Startup Accounting Advisors,,Professional services,2000 Accounts Payable,1500.00,3000.00
,03/05/2026,Bill,2061,Startup Accounting Advisors,Startup Accounting Advisors,,Professional services,2000 Accounts Payable,1500.00,4500.00
,03/18/2026,Bill,2063,Wilson & Gray LLP,Wilson & Gray LLP,,Professional services,2000 Accounts Payable,2600.00,7100.00
,04/05/2026,Bill,2092,Startup Accounting Advisors,Startup Accounting Advisors,,Professional services,2000 Accounts Payable,1500.00,8600.00
,05/05/2026,Bill,2122,Startup Accounting Advisors,Startup Accounting Advisors,,Professional services,2000 Accounts Payable,1500.00,10100.00
,06/05/2026,Bill,2150,Startup Accounting Advisors,Startup Accounting Advisors,,Professional services,2000 Accounts Payable,1500.00,11600.00
,06/18/2026,Bill,2152,Wilson & Gray LLP,Wilson & Gray LLP,,Professional services,2000 Accounts Payable,2600.00,14200.00
,07/05/2026,Bill,2181,Startup Accounting Advisors,Startup Accounting Advisors,,Professional services,2000 Accounts Payable,1500.00,15700.00
,08/05/2026,Bill,2211,Startup Accounting Advisors,Startup Accounting Advisors,,Professional services,2000 Accounts Payable,1500.00,17200.00
,09/05/2026,Bill,2242,Startup Accounting Advisors,Startup Accounting Advisors,,Professional services,2000 Accounts Payable,1500.00,18700.00
,09/18/2026,Bill,2244,Wilson & Gray LLP,Wilson & Gray LLP,,Professional services,2000 Accounts Payable,2600.00,21300.00
,10/05/2026,Bill,2274,Startup Accounting Advisors,Startup Accounting Advisors,,Professional services,2000 Accounts Payable,1500.00,22800.00
,11/05/2026,Bill,2308,Startup Accounting Advisors,Startup Accounting Advisors,,Professional services,2000 Accounts Payable,1500.00,24300.00
,12/05/2026,Bill,2338,Startup Accounting Advisors,Startup Accounting Advisors,,Professional services,2000 Accounts Payable,1500.00,25800.00
,12/18/2026,Bill,2340,Wilson & Gray LLP,Wilson & Gray LLP,,Professional services,2000 Accounts Payable,2600.00,28400.00
Total for 6400 Professional Services,,,,,,,,,28400.00,28400.00
6500 Travel & Meals,,,,,,,,,,
,03/21/2026,Credit Card Charge,2064,Delta Air Lines,Delta Air Lines,,Business travel,2100 Credit Card,1240.00,1240.00
,03/22/2026,Credit Card Charge,2065,Marriott,Marriott,,Business travel,2100 Credit Card,920.00,2160.00
,06/21/2026,Credit Card Charge,2153,Delta Air Lines,Delta Air Lines,,Business travel,2100 Credit Card,980.00,3140.00
,06/22/2026,Credit Card Charge,2154,Marriott,Marriott,,Business travel,2100 Credit Card,780.00,3920.00
,10/21/2026,Credit Card Charge,2277,Delta Air Lines,Delta Air Lines,,Business travel,2100 Credit Card,1460.00,5380.00
,10/22/2026,Credit Card Charge,2278,Marriott,Marriott,,Business travel,2100 Credit Card,1150.00,6530.00
Total for 6500 Travel & Meals,,,,,,,,,6530.00,6530.00
7000 Interest Income,,,,,,,,,,
,01/30/2026,Deposit,2017,First Republic Bank,,,Interest earned,1000 Checking,-45.00,-45.00
,02/30/2026,Deposit,2040,First Republic Bank,,,Interest earned,1000 Checking,-45.00,-90.00
,03/30/2026,Deposit,2068,First Republic Bank,,,Interest earned,1000 Checking,-45.00,-135.00
,04/30/2026,Deposit,2097,First Republic Bank,,,Interest earned,1000 Checking,-45.00,-180.00
,05/30/2026,Deposit,2126,First Republic Bank,,,Interest earned,1000 Checking,-45.00,-225.00
,06/30/2026,Deposit,2157,First Republic Bank,,,Interest earned,1000 Checking,-45.00,-270.00
,07/30/2026,Deposit,2186,First Republic Bank,,,Interest earned,1000 Checking,-45.00,-315.00
,08/30/2026,Deposit,2215,First Republic Bank,,,Interest earned,1000 Checking,-45.00,-360.00
,09/30/2026,Deposit,2247,First Republic Bank,,,Interest earned,1000 Checking,-45.00,-405.00
,10/30/2026,Deposit,2281,First Republic Bank,,,Interest earned,1000 Checking,-45.00,-450.00
,11/30/2026,Deposit,2312,First Republic Bank,,,Interest earned,1000 Checking,-45.00,-495.00
,12/30/2026,Deposit,2343,First Republic Bank,,,Interest earned,1000 Checking,-45.00,-540.00
Total for 7000 Interest Income,,,,,,,,,-540.00,-540.00
8000 Interest Expense,,,,,,,,,,
,01/28/2026,Check,2016,First Republic Bank,First Republic Bank,,Loan interest,1000 Checking,210.00,210.00
,02/28/2026,Check,2038,First Republic Bank,First Republic Bank,,Loan interest,1000 Checking,210.00,420.00
,03/28/2026,Check,2066,First Republic Bank,First Republic Bank,,Loan interest,1000 Checking,210.00,630.00
,04/28/2026,Check,2095,First Republic Bank,First Republic Bank,,Loan interest,1000 Checking,210.00,840.00
,05/28/2026,Check,2124,First Republic Bank,First Republic Bank,,Loan interest,1000 Checking,210.00,1050.00
,06/28/2026,Check,2155,First Republic Bank,First Republic Bank,,Loan interest,1000 Checking,210.00,1260.00
,07/28/2026,Check,2184,First Republic Bank,First Republic Bank,,Loan interest,1000 Checking,210.00,1470.00
,08/28/2026,Check,2213,First Republic Bank,First Republic Bank,,Loan interest,1000 Checking,210.00,1680.00
,09/28/2026,Check,2245,First Republic Bank,First Republic Bank,,Loan interest,1000 Checking,210.00,1890.00
,10/28/2026,Check,2279,First Republic Bank,First Republic Bank,,Loan interest,1000 Checking,210.00,2100.00
,11/28/2026,Check,2310,First Republic Bank,First Republic Bank,,Loan interest,1000 Checking,210.00,2310.00
,12/28/2026,Check,2341,First Republic Bank,First Republic Bank,,Loan interest,1000 Checking,210.00,2520.00
Total for 8000 Interest Expense,,,,,,,,,2520.00,2520.00
